4284 6125
450 787 1677 1049 u

656 1399 658 1403 ¹
799 1315 1330 1407 arrrrua‘rro..
1484 1294 1580 1416 329²

497 1440 556 1512 no
575 1476 591 1522 ,
615 1445 709 1506 uon
728 1411 773 1503 iu
790 1417 900 1505 albis
914 1415 1100 1505 vestibus
1122 1442 1134 1513 ;
1167 1410 1420 1499 ascendente
1437 1414 1579 1506 ameni

495 1536 732 1637 Domino,
775 1534 820 1623 in
858 1537 960 1623 albis
991 1530 1179 1619 vestibus
1213 1551 1463 1645 apparent,
1496 1539 1579 1627 nisi

498 1661 615 1774 quod
633 1684 777 1774 magna
796 1680 895 1744 tunc
915 1648 1156 1742 solemnitas
1177 1647 1353 1766 Angelis
1373 1648 1480 1741 lacta
1497 1682 1579 1759 est,·

499 1800 594 1868 curn
616 1780 764 1865 caelum
779 1776 898 1861 Deus
919 1776 1047 1860 horno
1077 1767 1358 1884 penetravit?
1394 1771 1490 1883 quia
1511 1792 1583 1863 na-¹

500 1922 645 1985 scente
664 1895 856 2010 Domino
873 1886 1333 1979 videbaturDivinitas
1351 1890 1581 1998 humiliata,

498 2018 723 2104 ascedente
741 2040 847 2099 vero
867 2009 1057 2100 Domino
1077 2067 1091 2108 ,
1126 2006 1363 2094 humanitas
1390 2033 1454 2096 cst
1473 2017 1581 2101 exal.

501 2155 615 2222 tata.
645 2133 770 2218 Albae
804 2129 960 2217 etenim
994 2152 1132 2214 uestes
1167 2125 1416 2213 exaltationi
1451 2133 1581 2251 magis

451 2259 453 2266 ’
501 2274 744 2368 congruunt
775 2309 789 2349 ‚
824 2252 945 2363 quam
972 2244 1293 2334 humiliationi.
1331 2247 1384 2330 {n
1414 2249 1580 2338 Ascen.

501 2371 624 2459 sione
652 2398 753 2486 ergo
782 2366 871 2478 ejus
898 2366 1052 2485 Angeli
1087 2363 1134 2450 iu
1162 2363 1265 2451 albis
1295 2363 1487 2454 vestibus
1517 2369 1581 2457 vi·

500 2489 593 2575 deri
611 2491 872 2586 debuerunt,
892 2486 989 2600 quia
1006 2482 1078 2600 qui
1096 2481 1141 2568 iu
1160 2481 1401 2570 Nativitate
1419 2518 1490 2574 sua
1508 2492 1581 2605 ap'·

501 2607 641 2724 paruit
657 2610 774 2696 Deus
797 2606 964 2694 humilis
977 2664 991 2704 ‚
1004 2605 1050 2691 in
1066 2601 1332 2691 Ascensione
1350 2630 1421 2690 sua
1438 2631 1580 2693 osten·

502 2758 572 2814 sus
593 2730 794 2814 esthorno
814 2723 1100 2813 sublimis.De
1124 2724 1197 2810 hac
1214 2721 1483 2810 solemnitate
1504 2755 1581 2839 per

500 2846 755 2936 Psalmistam
772 2842 930 2931 dicitur
949 2844 1022 2960 (r)
1057 2873 1070 2929 r
1105 2843 1273 2932 Elevoto
1291 2842 1366 2943 ‚est‘
1388 2846 1585 2964 mugnifi·‘

500 2969 631 3053 centio
659 2988 730 3051 rna
758 2992 878 3080 snper
902 2965 1052 3051 caelos.
1086 2960 1155 3048 De
1188 2963 1262 3049 hac
1292 2960 1448 3049 iterum
1477 2964 1582 3053 dici·
1704 2962 1705 2971 ‘

504 3108 570 3168 tur
589 3086 686 3199 (2):
702 3082 935 3172 Ascendens
950 3084 992 3167 in
1008 3084 1137 3169 altum
1158 3083 1356 3195 captivum
1373 3084 1498 3169 duxit
1513 3116 1582 3174 cu·

495 3203 757 3317 pervicacem,
788 3203 900 3289 dedit
915 3208 1022 3288 dono
1050 3201 1311 3287 hominibus.
1347 3201 1582 3293 Ascendere

506 3318 666 3435 quippe
683 3321 724 3404 in
742 3323 870 3405 ultum
892 3320 1092 3434 captiuum
1123 3320 1245 3405 duxit
1277 3321 1586 3434 captivitatem
1641 3357 1644 3361 ⁴

504 3437 603 3552 quia
638 3436 959 3553 corruptionem
987 3460 1170 3523 nostram
1206 3436 1365 3525 virtute
1394 3453 1480 3529 s'uae
1518 3443 1585 3528 in·

504 3558 795 3672 corruptionis
815 3555 1037 3643 absorbuit
1067 3619 1079 3641 .
1110 3556 1234 3646 Dedit
1256 3582 1364 3644 vero
1382 3565 1488 3649 donn
1507 3566 1577 3649 lto·

500 3677 709 3775 minibus,
741 3675 838 3789 quia
874 3676 1001 3763 misso
1038 3677 1219 3790 desuper
1261 3674 1457 3791 Spiritu,
1489 3682 1579 3769 aliis

503 3823 744 3882 sermonem
762 3794 952 3885 scientiae
971 3854 987 3897 ,
1007 3793 1113 3889 ¹aliis
1141 3793 1313 3912 gratiam
1342 3796 1584 3900 sanitatum,

500 3914 593 4002 allis
610 3914 783 4032 gratiam
803 3914 1100 4014 curationum,
1133 3912 1224 4001 aliis
1250 3943 1401 4029 genera
1425 3915 1585 4035 lingua·

501 4062 596 4121 rum
616 4094 630 4134 ‚
647 4032 737 4118 aliis
758 4032 1132 4149 interpretationes
1149 4053 1391 4120 sermonum
1412 4034 1580 4124 tribuit.

502 4151 571 4240 De
595 4155 667 4241 hac
683 4151 950 4241 Ascensiooe
962 4153 1156 4239 Habacuc
1175 4154 1386 4267 Propheta
1402 4152 1458 4238 ait
1475 4158 1551 4271 (3)
1568 4187 1587 4258 s¹

504 4271 699 4358 Elcvntus
719 4294 781 4360 est
793 4276 888 4373 sol,
923 4295 965 4359 er
982 4273 1081 4357 lunu
1116 4272 1227 4358 stetit
1242 4270 1284 4357 in
1314 4271 1454 4358 ordine
1474 4303 1548 4361 suo
1569 4277 1586 4361 .'

506 4387 615 4500 Quis
634 4390 746 4477 euim
767 4393 866 4477 solis
886 4388 1161 4490 nomine,nisi
1181 4388 1472 4476 Dominusllit
1488 4409 1587 4503 quae'

506 4506 619 4592 lunae
637 4510 809 4597 nomine
836 4567 852 4610 ,
871 4507 951 4595 nisi
964 4507 1148 4599 Ecclesia
1166 4508 1404 4628 designatur
1424 4508 1446 4597 2
1465 4514 1587 4628 Quo·

531 4693 586 4777 (r)
601 4687 786 4759 Psalvrrl.
804 4714 838 4759 2·
1071 4689 1165 4760 sione
1179 4711 1255 4759 rxrr.
1270 4688 1374 4783 Vulg.
1387 4707 1500 4761 autern
1519 4691 1588 4774 Sol,

523 4791 585 4873 (α)
603 4785 725 4876 Ephes.
745 4809 800 4856 ιν.
814 4789 849 4859 8.
980 4857 983 4862 ,
1070 4802 1104 4855 et
1134 4786 1214 4856 luna
1241 4800 1405 4860 steterunt
1428 4788 1464 4858 r'n
1488 4785 1584 4857 habt·-

527 4880 883 4980 (3)Habac.rrl.u.8ic
894 4906 1024 4960 exter·
1069 4882 1276 4959 taculum.
1584 4907 1593 4920 ·
