4284 6125
767 1354 774 1367 ·
840 1338 1287 1406 axrtrcartos
1509 1322 1596 1437 3⁶0

524 1465 608 1528 tem
644 1440 734 1526 lnce
768 1438 954 1526 radtante
970 1436 1222 1535 Domtnus
1249 1459 1292 1520 et
1311 1430 1503 1522 Salvator
1524 1462 1600 1526 no-

521 1586 605 1645 ster
624 1561 675 1644 ab
693 1553 837 1643 inferis
862 1556 1130 1657 resurrexim
1167 1579 1208 1639 et
1229 1558 1377 1642 eodem
1405 1577 1598 1669 tempore

520 1677 686 1766 cunctis
714 1705 808 1791 spes
842 1672 1165 1764 rerurrectionis
1195 1673 1349 1762 futurae
1374 1674 1595 1769 creditur.

520 1797 784 1890 Matutinurn
799 1821 938 1884 autem
958 1826 980 1880 a
999 1795 1116 1885 'stella
1142 1793 1322 1904 lucifero
1339 1818 1401 1883 est
1418 1795 1599 1909 appella·

525 1938 647 2015 tum,
687 1944 782 2027 quae
813 1912 950 2002 oritur
970 1914 1199 2001 inchoante
1228 1941 1381 2014 mane3
1418 1943 1601 2026 quorum

521 2036 702 2120 duorum
720 2037 957 2149 temporum
988 2030 1299 2149 significatione
1327 2032 1595 2133 ostenditur,

521 2175 568 2238 ut
587 2152 691 2252 die,
715 2182 760 2238 ac
780 2177 907 2239 nocte
926 2181 1090 2288 semper
1106 2151 1226 2236 Deus
1245 2150 1431 2237 laudetur
1451 2213 1463 2234 .
1484 2151 1597 2265 Quia

523 2268 637 2356 enim
690 2298 838 2356 somno
895 2271 1137 2359 dominante
1198 2271 1411 2380 hucusque
1459 2269 1596 2358 conti·

524 2386 702 2475 cuimus
707 2447 722 2488 ,
757 2390 897 2476 Deum
916 2395 1222 2524 deprecemur,
1252 2414 1298 2482 ut
1317 2386 1425 2475 labia
1452 2412 1614 2504 nostra⁴

520 2511 570 2598 ad
588 2506 745 2593 laudem
767 2539 880 2596 suam
898 2508 1251 2624 pronuntiandam
1270 2504 1435 2620 aperire
1451 2506 1596 2642 digne·

521 2648 624 2712 tur.
654 2631 835 2728 Postea,
869 2654 916 2715 ut
942 2628 986 2715 in
1019 2651 1250 2714 ceterarum
1284 2627 1479 2719 horarum
1507 2624 1593 2742 pri·

518 2742 731 2845 mordio,
768 2745 906 2861 ipsum
935 2747 979 2832 in
1006 2768 1177 2831 nostro
1192 2771 1323 2858 opere
1354 2745 1593 2854 adjutorem
1668 2753 1671 2765 '

516 2860 795 2969 invocamus,
814 2865 1027 2952 dicendo.
1062 2866 1236 2978 Denso
1242 2865 1323 2978 )in
1340 2863 1592 2979 adjutorium

516 3012 646 3068 meum
679 2987 868 3069 intende.
908 2984 988 3072 Hic
1025 2984 1138 3071 enirn
1169 2982 1401 3073 versiculus
1427 2987 1478 3071 de
1493 3006 1592 3072 tota

517 3099 626 3185 serie
646 3097 860 3189 literarum
891 3128 1149 3219 excerptus,
1182 3105 1379 3198 adversus
1406 3126 1592 3216 potesta·

519 3240 582 3302 tes
612 3220 884 3319 daemonum,
915 3246 957 3310 et
986 3220 1342 3310 infestationem
1331 3249 1592 3335 inexpugna-

517 3333 612 3421 bitis
629 3358 694 3421 est
713 3366 854 3425 murus
873 3398 888 3438 ,
922 3365 1002 3428 eta
1021 3337 1185 3434 cunctis
1203 3337 1321 3425 viriis
1339 3367 1591 3456 expurgant,

514 3454 562 3538 ad
582 3453 834 3541 ineffabilem
862 3463 1056 3546 ardorem
1094 3457 1295 3556 orationis
1329 3457 1469 3592 paucis
1489 3488 1591 3572 pro·

514 3572 662 3660 vehit.
697 3575 833 3660 Habet
860 3577 1029 3688 quidem
1057 3578 1172 3664 Dei
1160 3576 1509 3677 rovocationem,
1545 3600 1591 3664 et

510 3687 600 3803 ¹piae
628 3690 909 3785 confessionis
941 3695 1245 3796 humilitatem,
1280 3693 1589 3811 praesentisque

515 3838 681 3922 semper
698 3812 869 3904 astantis
888 3814 1075 3927 praesidii
1096 3811 1426 3914 confidentiam.
1454 3813 1592 3907 Dein·
1625 3864 1629 3873 ·

514 3928 567 4018 de
599 3929 754 4032 dicitur
782 3933 920 4021 Gloriu
944 3935 1089 4033 Patri,
1122 3932 1313 4030 etFiit‘o.
1349 3937 1434 4031 l'tte
1471 3932 1587 4030 enim

514 4047 748 4136 versiculus
765 4075 864 4165 post
889 4082 1232 4187 unumquemque
1259 4050 1473 4187 psalmum
1491 4081 1590 4138 can·

515 4187 657 4269 tatur;
694 4166 793 4255 ideo
823 4169 1018 4271 scilicet,
1062 4171 1160 4285 quia
1200 4173 1379 4285 quisque
1416 4167 1506 4264 sive
1533 4171 1588 4256 de

517 4282 638 4371 laude
655 4307 840 4390 tractet,
867 4288 954 4376 sive
974 4293 1025 4377 de
1049 4289 1258 4388 historia,
1289 4316 1453 4403 semper
1473 4287 1520 4373 fit
1535 4289 1588 4377 ad

517 4404 877 4515 comparationem·
893 4406 1149 4504 Trinitatis.
1186 4407 1257 4498 Sic
1286 4436 1390 4493 vero
1409 4406 1590 4519 exponi·

515 4540 612 4604 tur·
645 4522 824 4625 Gloria,
859 4528 940 4612 hoc
967 4553 1064 4628 est,
1093 4528 1201 4615 fama
1236 4556 1330 4617 com
1363 4526 1479 4609 laude
1503 4524 1586 4611 fre-

516 4662 741 4760 quenter
706 4663 933 4745 cantetur
963 4667 1006 4731 et
1003 4641 1473 4766 proferaturanobrs
1508 4647 1583 4741 Pae

1072 4866 1077 4874 Ι
1230 4765 1271 4852 A
1305 4793 1328 4847 a

568 4899 963 5014 (t)ExPsal·u11·210
1073 4951 1093 4986 .·
