<?xml version="1.0" encoding="UTF-8"?>
<!DOCTYPE html PUBLIC "-//W3C//DTD XHTML 1.0 Transitional//EN"
    "http://www.w3.org/TR/xhtml1/DTD/xhtml1-transitional.dtd">
<html xmlns="http://www.w3.org/1999/xhtml" xml:lang="en" lang="en">
 <head>
  <title>
</title>
<meta http-equiv="Content-Type" content="text/html;charset=utf-8" />
  <meta name='ocr-system' content='tesseract 3.04.00' />
  <meta name='ocr-capabilities' content='ocr_page ocr_carea ocr_par ocr_line ocrx_word'/>
</head>
<body>
  <div class='ocr_page' id='page_1' title='image "./ssecclesirituum00unkngoog_0200.png"; bbox 0 0 4284 6125; ppageno 0'>
   <div class='ocr_carea' id='block_1_1' title="bbox 997 1367 3250 1954">
    <p class='ocr_par' dir='ltr' id='par_1_1' title="bbox 997 1367 3250 1954">
     <span class='ocr_line' id='line_1_1' title="bbox 1099 1367 3107 1483; baseline 0.004 -41"><span class='ocrx_word' id='word_1_1' title='bbox 1099 1420 1106 1427; x_wconf 80' lang='lat'>-</span> <span class='ocrx_word' id='word_1_2' title='bbox 1625 1385 2451 1448; x_wconf 71' lang='lat' dir='ltr'>EXPLICATIO</span> <span class='ocrx_word' id='word_1_3' title='bbox 2797 1458 2813 1465; x_wconf 59' lang='lat'>‚</span> <span class='ocrx_word' id='word_1_4' title='bbox 2945 1367 3107 1483; x_wconf 76' lang='lat'>167</span> 
     </span>
     <span class='ocr_line' id='line_1_2' title="bbox 1002 1477 3132 1599; baseline -0.003 -27"><span class='ocrx_word' id='word_1_5' title='bbox 1002 1503 1291 1572; x_wconf 88' lang='lat' dir='ltr'>tuntur</span> <span class='ocrx_word' id='word_1_6' title='bbox 1340 1507 1390 1566; x_wconf 83' lang='lat' dir='ltr'>a</span> <span class='ocrx_word' id='word_1_7' title='bbox 1452 1502 1776 1581; x_wconf 83' lang='lat' dir='ltr'>matre,</span> <span class='ocrx_word' id='word_1_8' title='bbox 1838 1479 1998 1566; x_wconf 90' lang='lat' dir='ltr'>hoc</span> <span class='ocrx_word' id='word_1_9' title='bbox 2055 1500 2189 1563; x_wconf 88' lang='lat' dir='ltr'>est</span> <span class='ocrx_word' id='word_1_10' title='bbox 2228 1539 2256 1580; x_wconf 89' lang='lat'><strong>,</strong></span> <span class='ocrx_word' id='word_1_11' title='bbox 2318 1484 2419 1565; x_wconf 84' lang='lat' dir='ltr'>ab</span> <span class='ocrx_word' id='word_1_12' title='bbox 2485 1477 2851 1568; x_wconf 78' lang='lat' dir='ltr'><strong>Ecclesia</strong></span> <span class='ocrx_word' id='word_1_13' title='bbox 2901 1542 2935 1582; x_wconf 83' lang='lat'><strong>,</strong></span> <span class='ocrx_word' id='word_1_14' title='bbox 2974 1484 3132 1599; x_wconf 53' lang='lat' dir='ltr'>,qui</span> 
     </span>
     <span class='ocr_line' id='line_1_3' title="bbox 1003 1596 3250 1714; baseline -0.002 -24"><span class='ocrx_word' id='word_1_15' title='bbox 1003 1632 1174 1690; x_wconf 89' lang='lat' dir='ltr'>non</span> <span class='ocrx_word' id='word_1_16' title='bbox 1209 1628 1358 1714; x_wconf 88' lang='lat' dir='ltr'>per</span> <span class='ocrx_word' id='word_1_17' title='bbox 1396 1600 1835 1711; x_wconf 89' lang='lat' dir='ltr'>pecuniam</span> <span class='ocrx_word' id='word_1_18' title='bbox 1872 1657 1902 1696; x_wconf 88' lang='lat'><strong>,</strong></span> <span class='ocrx_word' id='word_1_19' title='bbox 1965 1626 2137 1682; x_wconf 90' lang='lat' dir='ltr'>non</span> <span class='ocrx_word' id='word_1_20' title='bbox 2177 1626 2330 1713; x_wconf 86' lang='lat' dir='ltr'>per</span> <span class='ocrx_word' id='word_1_21' title='bbox 2371 1596 2724 1710; x_wconf 79' lang='lat' dir='ltr'>aliquam</span> <span class='ocrx_word' id='word_1_22' title='bbox 2764 1603 3126 1690; x_wconf 88' lang='lat' dir='ltr'>necessi·</span> <span class='ocrx_word' id='word_1_23' title='bbox 3246 1611 3250 1615; x_wconf 66' lang='lat'><em>‘</em></span> 
     </span>
     <span class='ocr_line' id='line_1_4' title="bbox 1000 1713 3131 1833; baseline 0 -25"><span class='ocrx_word' id='word_1_24' title='bbox 1000 1742 1257 1808; x_wconf 85' lang='lat' dir='ltr'>tatem</span> <span class='ocrx_word' id='word_1_25' title='bbox 1293 1775 1324 1817; x_wconf 85' lang='lat'>,</span> <span class='ocrx_word' id='word_1_26' title='bbox 1387 1717 1526 1803; x_wconf 78' lang='lat' dir='ltr'>se&#39;d</span> <span class='ocrx_word' id='word_1_27' title='bbox 1564 1717 1737 1803; x_wconf 85' lang='lat' dir='ltr'>sola</span> <span class='ocrx_word' id='word_1_28' title='bbox 1770 1713 1971 1804; x_wconf 85' lang='lat' dir='ltr'>cleri</span> <span class='ocrx_word' id='word_1_29' title='bbox 2024 1739 2110 1802; x_wconf 87' lang='lat' dir='ltr'>et</span> <span class='ocrx_word' id='word_1_30' title='bbox 2147 1716 2439 1833; x_wconf 85' lang='lat' dir='ltr'>populi</span> <span class='ocrx_word' id='word_1_31' title='bbox 2496 1715 2913 1804; x_wconf 83' lang='lat' dir='ltr'><strong>electione</strong></span> <span class='ocrx_word' id='word_1_32' title='bbox 2959 1780 2988 1819; x_wconf 90' lang='lat'><strong>,</strong></span> <span class='ocrx_word' id='word_1_33' title='bbox 3043 1746 3131 1811; x_wconf 88' lang='lat' dir='ltr'>et</span> 
     </span>
     <span class='ocr_line' id='line_1_5' title="bbox 997 1834 3132 1954; baseline -0.003 -26"><span class='ocrx_word' id='word_1_34' title='bbox 997 1840 1181 1954; x_wconf 85' lang='lat' dir='ltr'>ipsa</span> <span class='ocrx_word' id='word_1_35' title='bbox 1232 1864 1440 1953; x_wconf 89' lang='lat' dir='ltr'>pura</span> <span class='ocrx_word' id='word_1_36' title='bbox 1477 1894 1507 1933; x_wconf 87' lang='lat'><strong>,</strong></span> <span class='ocrx_word' id='word_1_37' title='bbox 1562 1859 1648 1921; x_wconf 86' lang='lat' dir='ltr'>et</span> <span class='ocrx_word' id='word_1_38' title='bbox 1685 1834 1864 1922; x_wconf 89' lang='lat' dir='ltr'>sine</span> <span class='ocrx_word' id='word_1_39' title='bbox 1920 1837 2336 1948; x_wconf 86' lang='lat' dir='ltr'>pravitate</span> <span class='ocrx_word' id='word_1_40' title='bbox 2373 1836 2817 1922; x_wconf 89' lang='lat' dir='ltr'>mittuntur</span> <span class='ocrx_word' id='word_1_41' title='bbox 2856 1840 2954 1923; x_wconf 83' lang='lat' dir='ltr'>ad</span> <span class='ocrx_word' id='word_1_42' title='bbox 2992 1869 3132 1952; x_wconf 85' lang='lat' dir='ltr'>pa-</span> 
     </span>
    </p>
   </div>
   <div class='ocr_carea' id='block_1_2' title="bbox 1002 1954 3131 2175">
    <p class='ocr_par' dir='ltr' id='par_1_2' title="bbox 1002 1954 3131 2175">
     <span class='ocr_line' id='line_1_6' title="bbox 1002 1954 3131 2069; baseline -0.006 -24"><span class='ocrx_word' id='word_1_43' title='bbox 1002 1983 1177 2045; x_wconf 83' lang='lat' dir='ltr'>tres</span> <span class='ocrx_word' id='word_1_44' title='bbox 1219 2014 1246 2054; x_wconf 88' lang='lat'><strong>,</strong></span> <span class='ocrx_word' id='word_1_45' title='bbox 1310 1956 1471 2040; x_wconf 90' lang='lat' dir='ltr'>hoc</span> <span class='ocrx_word' id='word_1_46' title='bbox 1536 1973 1663 2042; x_wconf 90' lang='lat' dir='ltr'>est</span> <span class='ocrx_word' id='word_1_47' title='bbox 1700 2015 1729 2053; x_wconf 89' lang='lat'><strong>,</strong></span> <span class='ocrx_word' id='word_1_48' title='bbox 1791 1957 1886 2040; x_wconf 85' lang='lat' dir='ltr'>ad</span> <span class='ocrx_word' id='word_1_49' title='bbox 1928 1954 2402 2069; x_wconf 88' lang='lat' dir='ltr'>Episcopos</span> <span class='ocrx_word' id='word_1_50' title='bbox 2442 2016 2468 2054; x_wconf 90' lang='lat'>‚</span> <span class='ocrx_word' id='word_1_51' title='bbox 2537 1976 2635 2042; x_wconf 84' lang='lat' dir='ltr'>ut</span> <span class='ocrx_word' id='word_1_52' title='bbox 2692 1959 2793 2043; x_wconf 86' lang='lat' dir='ltr'>ab</span> <span class='ocrx_word' id='word_1_53' title='bbox 2835 1956 2952 2047; x_wconf 90' lang='lat' dir='ltr'>eis</span> <span class='ocrx_word' id='word_1_54' title='bbox 2988 1959 3131 2047; x_wconf 88' lang='lat' dir='ltr'>be.</span> 
     </span>
     <span class='ocr_line' id='line_1_7' title="bbox 1002 2072 2408 2175; baseline -0.003 -11"><span class='ocrx_word' id='word_1_55' title='bbox 1002 2072 1493 2164; x_wconf 86' lang='lat' dir='ltr'>nedicantur</span> <span class='ocrx_word' id='word_1_56' title='bbox 1529 2133 1560 2175; x_wconf 86' lang='lat'>,</span> <span class='ocrx_word' id='word_1_57' title='bbox 1626 2096 1709 2158; x_wconf 89' lang='lat' dir='ltr'>et</span> <span class='ocrx_word' id='word_1_58' title='bbox 1743 2102 2349 2162; x_wconf 85' lang='lat' dir='ltr'>consecrentur</span> <span class='ocrx_word' id='word_1_59' title='bbox 2386 2136 2408 2159; x_wconf 90' lang='lat'><strong>.</strong></span> 
     </span>
    </p>
   </div>
   <div class='ocr_carea' id='block_1_3' title="bbox 1860 2308 2272 2398">
    <p class='ocr_par' dir='ltr' id='par_1_3' title="bbox 1860 2308 2272 2398">
     <span class='ocr_line' id='line_1_8' title="bbox 1860 2308 2272 2398; baseline 0 -3"><span class='ocrx_word' id='word_1_60' title='bbox 1860 2308 2272 2398; x_wconf 90' lang='lat' dir='ltr'>XCIV.</span> 
     </span>
    </p>
   </div>
   <div class='ocr_carea' id='block_1_4' title="bbox 1136 2482 3120 2784">
    <p class='ocr_par' dir='ltr' id='par_1_4' title="bbox 1136 2482 3120 2784">
     <span class='ocr_line' id='line_1_9' title="bbox 1136 2482 3101 2578; baseline 0 -5"><span class='ocrx_word' id='word_1_61' title='bbox 1136 2513 1255 2573; x_wconf 78' lang='lat' dir='ltr'>DE</span> <span class='ocrx_word' id='word_1_62' title='bbox 1320 2514 1577 2574; x_wconf 67' lang='lat' dir='ltr'>ntus</span> <span class='ocrx_word' id='word_1_63' title='bbox 1638 2516 2325 2578; x_wconf 76' lang='lat' dir='ltr'>HAERETICORUM</span> <span class='ocrx_word' id='word_1_64' title='bbox 2393 2511 3006 2576; x_wconf 70' lang='lat' dir='ltr'>Pnnssun‘rnws</span> <span class='ocrx_word' id='word_1_65' title='bbox 3062 2482 3101 2490; x_wconf 78' lang='grc'>”</span> 
     </span>
     <span class='ocr_line' id='line_1_10' title="bbox 1230 2659 3120 2784; baseline 0.001 -33"><span class='ocrx_word' id='word_1_66' title='bbox 1230 2665 1367 2751; x_wconf 84' lang='lat' dir='ltr'>De</span> <span class='ocrx_word' id='word_1_67' title='bbox 1404 2666 1552 2783; x_wconf 91' lang='lat'>(1)</span> <span class='ocrx_word' id='word_1_68' title='bbox 1600 2667 1969 2784; x_wconf 82' lang='lat' dir='ltr'>parvulis</span> <span class='ocrx_word' id='word_1_69' title='bbox 2006 2689 2286 2756; x_wconf 85' lang='lat' dir='ltr'>autem</span> <span class='ocrx_word' id='word_1_70' title='bbox 2349 2660 2985 2755; x_wconf 85' lang='lat' dir='ltr'>Haereticorum</span> <span class='ocrx_word' id='word_1_71' title='bbox 3046 2659 3120 2752; x_wconf 84' lang='lat' dir='ltr'>si</span> 
     </span>
    </p>
   </div>
   <div class='ocr_carea' id='block_1_5' title="bbox 2411 2784 2596 2901">
    <p class='ocr_par' dir='ltr' id='par_1_5' title="bbox 2411 2784 2596 2901">
     <span class='ocr_line' id='line_1_11' title="bbox 2411 2784 2596 2901; baseline -0.005 1"><span class='ocrx_word' id='word_1_72' title='bbox 2411 2784 2596 2901; x_wconf 81' lang='lat' dir='ltr'>L4</span> 
     </span>
    </p>
   </div>
   <div class='ocr_carea' id='block_1_6' title="bbox 964 2983 3229 5040">
    <p class='ocr_par' dir='ltr' id='par_1_6' title="bbox 964 2983 3229 5040">
     <span class='ocr_line' id='line_1_12' title="bbox 1050 2983 3126 3079; baseline 0.002 -25"><span class='ocrx_word' id='word_1_73' title='bbox 1050 2985 1156 3073; x_wconf 89' lang='lat'>(1)</span> <span class='ocrx_word' id='word_1_74' title='bbox 1193 2983 1369 3079; x_wconf 82' lang='lat' dir='ltr'>Quae</span> <span class='ocrx_word' id='word_1_75' title='bbox 1400 2988 1533 3058; x_wconf 89' lang='lat' dir='ltr'>hoc</span> <span class='ocrx_word' id='word_1_76' title='bbox 1590 3011 1878 3062; x_wconf 85' lang='lat' dir='ltr'>numero</span> <span class='ocrx_word' id='word_1_77' title='bbox 1911 2989 2012 3061; x_wconf 87' lang='lat' dir='ltr'>le·</span> <span class='ocrx_word' id='word_1_78' title='bbox 2106 3037 2159 3075; x_wconf 89' lang='lat'>‚,</span> <span class='ocrx_word' id='word_1_79' title='bbox 2190 2989 2690 3064; x_wconf 86' lang='lat' dir='ltr'>revenientibus</span> <span class='ocrx_word' id='word_1_80' title='bbox 2762 2991 2845 3060; x_wconf 91' lang='lat' dir='ltr'>ad</span> <span class='ocrx_word' id='word_1_81' title='bbox 2894 3009 3126 3058; x_wconf 87' lang='lat' dir='ltr'>sanam</span> 
     </span>
     <span class='ocr_line' id='line_1_13' title="bbox 1002 3084 3229 3182; baseline 0.002 -31"><span class='ocrx_word' id='word_1_82' title='bbox 1002 3101 1277 3172; x_wconf 88' lang='lat' dir='ltr'>guntur,</span> <span class='ocrx_word' id='word_1_83' title='bbox 1304 3084 1445 3157; x_wconf 84' lang='lat' dir='ltr'>fere</span> <span class='ocrx_word' id='word_1_84' title='bbox 1473 3086 1703 3159; x_wconf 88' lang='lat' dir='ltr'>omnia</span> <span class='ocrx_word' id='word_1_85' title='bbox 1719 3089 2007 3182; x_wconf 83' lang='lat' dir='ltr'>sumpsit</span> <span class='ocrx_word' id='word_1_86' title='bbox 2105 3135 2159 3171; x_wconf 69' lang='lat'>2,</span> <span class='ocrx_word' id='word_1_87' title='bbox 2190 3107 2515 3171; x_wconf 86' lang='lat' dir='ltr'>mentem,</span> <span class='ocrx_word' id='word_1_88' title='bbox 2543 3089 2919 3159; x_wconf 86' lang='lat' dir='ltr'>iterandum</span> <span class='ocrx_word' id='word_1_89' title='bbox 2979 3106 3127 3155; x_wconf 83' lang='lat' dir='ltr'>esse</span> <span class='ocrx_word' id='word_1_90' title='bbox 3224 3128 3229 3135; x_wconf 93' lang='lat'><em>-</em></span> 
     </span>
     <span class='ocr_line' id='line_1_14' title="bbox 995 3183 3124 3273; baseline 0.001 -25"><span class='ocrx_word' id='word_1_91' title='bbox 995 3184 1395 3273; x_wconf 81' lang='lat' dir='ltr'>Anonymus</span> <span class='ocrx_word' id='word_1_92' title='bbox 1428 3207 1512 3254; x_wconf 84' lang='lat' dir='ltr'>ex</span> <span class='ocrx_word' id='word_1_93' title='bbox 1570 3184 1638 3253; x_wconf 87' lang='lat' dir='ltr'>S.</span> <span class='ocrx_word' id='word_1_94' title='bbox 1671 3185 2005 3257; x_wconf 86' lang='lat' dir='ltr'>Brunonis</span> <span class='ocrx_word' id='word_1_95' title='bbox 2102 3233 2154 3268; x_wconf 87' lang='lat'>,‚</span> <span class='ocrx_word' id='word_1_96' title='bbox 2185 3189 2690 3260; x_wconf 79' lang='lat' dir='ltr'>Sacramentum</span> <span class='ocrx_word' id='word_1_97' title='bbox 2747 3183 3124 3255; x_wconf 74' lang='lat' dir='ltr'>Confirma-</span> 
     </span>
     <span class='ocr_line' id='line_1_15' title="bbox 992 3273 3122 3378; baseline 0 -33"><span class='ocrx_word' id='word_1_98' title='bbox 992 3273 1461 3367; x_wconf 88' lang='lat' dir='ltr'>Responsione</span> <span class='ocrx_word' id='word_1_99' title='bbox 1504 3281 1589 3350; x_wconf 91' lang='lat' dir='ltr'>ad</span> <span class='ocrx_word' id='word_1_100' title='bbox 1622 3303 1768 3352; x_wconf 90' lang='lat' dir='ltr'>eam</span> <span class='ocrx_word' id='word_1_101' title='bbox 1805 3282 2006 3378; x_wconf 82' lang='lat' dir='ltr'>Qae·</span> <span class='ocrx_word' id='word_1_102' title='bbox 2099 3331 2152 3367; x_wconf 88' lang='lat'>„</span> <span class='ocrx_word' id='word_1_103' title='bbox 2187 3282 2388 3357; x_wconf 87' lang='lat' dir='ltr'>tionis</span> <span class='ocrx_word' id='word_1_104' title='bbox 2436 3283 2720 3354; x_wconf 87' lang='lat' dir='ltr'>affirmat</span> <span class='ocrx_word' id='word_1_105' title='bbox 2752 3328 2776 3363; x_wconf 89' lang='lat'>,</span> <span class='ocrx_word' id='word_1_106' title='bbox 2832 3295 2911 3351; x_wconf 92' lang='lat' dir='ltr'>ut</span> <span class='ocrx_word' id='word_1_107' title='bbox 2945 3274 3122 3347; x_wconf 82' lang='lat' dir='ltr'>acci·</span> 
     </span>
     <span class='ocr_line' id='line_1_16' title="bbox 990 3368 3176 3476; baseline 0.002 -37"><span class='ocrx_word' id='word_1_108' title='bbox 990 3368 1305 3454; x_wconf 75' lang='lat' dir='ltr'>ationem,</span> <span class='ocrx_word' id='word_1_109' title='bbox 1347 3382 1477 3444; x_wconf 79' lang='lat' dir='ltr'>cur</span> <span class='ocrx_word' id='word_1_110' title='bbox 1511 3393 1853 3474; x_wconf 79' lang='lat' dir='ltr'>corruptus</span> <span class='ocrx_word' id='word_1_111' title='bbox 1881 3395 2007 3451; x_wconf 85' lang='lat' dir='ltr'>etc.</span> <span class='ocrx_word' id='word_1_112' title='bbox 2102 3427 2157 3463; x_wconf 88' lang='lat'>‚,</span> <span class='ocrx_word' id='word_1_113' title='bbox 2191 3380 2377 3476; x_wconf 87' lang='lat' dir='ltr'>piant</span> <span class='ocrx_word' id='word_1_114' title='bbox 2403 3375 2729 3471; x_wconf 87' lang='lat' dir='ltr'>Spiritum</span> <span class='ocrx_word' id='word_1_115' title='bbox 2758 3378 3122 3457; x_wconf 84' lang='lat' dir='ltr'>Sanctum,</span> <span class='ocrx_word' id='word_1_116' title='bbox 3169 3392 3176 3397; x_wconf 86' lang='grc'><em>·</em></span> 
     </span>
     <span class='ocr_line' id='line_1_17' title="bbox 989 3466 3209 3569; baseline 0.003 -35"><span class='ocrx_word' id='word_1_117' title='bbox 989 3466 1644 3544; x_wconf 89' lang='lat' dir='ltr'>Venet.Edit.T.cit.</span> <span class='ocrx_word' id='word_1_118' title='bbox 1674 3498 1872 3569; x_wconf 76' lang='lat' dir='ltr'>pag-1</span> <span class='ocrx_word' id='word_1_119' title='bbox 1892 3495 2004 3563; x_wconf 84' lang='lat'>52.</span> <span class='ocrx_word' id='word_1_120' title='bbox 2104 3523 2156 3560; x_wconf 89' lang='lat'><strong>„</strong></span> <span class='ocrx_word' id='word_1_121' title='bbox 2189 3502 2266 3550; x_wconf 91' lang='lat' dir='ltr'>ac</span> <span class='ocrx_word' id='word_1_122' title='bbox 2322 3474 2784 3550; x_wconf 83' lang='lat' dir='ltr'>remissionem</span> <span class='ocrx_word' id='word_1_123' title='bbox 2814 3486 3124 3567; x_wconf 88' lang='lat' dir='ltr'>peccato·</span> <span class='ocrx_word' id='word_1_124' title='bbox 3190 3489 3209 3502; x_wconf 84' lang='lat'><strong><em>‘</em></strong></span> 
     </span>
     <span class='ocr_line' id='line_1_18' title="bbox 990 3562 3120 3667; baseline 0.003 -35"><span class='ocrx_word' id='word_1_125' title='bbox 990 3562 1078 3632; x_wconf 89' lang='lat' dir='ltr'>de</span> <span class='ocrx_word' id='word_1_126' title='bbox 1130 3588 1267 3657; x_wconf 90' lang='lat' dir='ltr'>quo</span> <span class='ocrx_word' id='word_1_127' title='bbox 1329 3568 1601 3658; x_wconf 82' lang='lat' dir='ltr'>’quidem</span> <span class='ocrx_word' id='word_1_128' title='bbox 1643 3570 2007 3666; x_wconf 85' lang='lat' dir='ltr'>Opusculo</span> <span class='ocrx_word' id='word_1_129' title='bbox 2103 3621 2156 3658; x_wconf 89' lang='lat'>„</span> <span class='ocrx_word' id='word_1_130' title='bbox 2185 3599 2336 3648; x_wconf 89' lang='lat' dir='ltr'>rum</span> <span class='ocrx_word' id='word_1_131' title='bbox 2391 3624 2415 3659; x_wconf 89' lang='lat'><strong>,</strong></span> <span class='ocrx_word' id='word_1_132' title='bbox 2485 3570 2732 3667; x_wconf 90' lang='lat' dir='ltr'>quibus</span> <span class='ocrx_word' id='word_1_133' title='bbox 2821 3565 3120 3646; x_wconf 84' lang='lat' dir='ltr'>fraudati.</span> 
     </span>
     <span class='ocr_line' id='line_1_19' title="bbox 985 3660 3117 3767; baseline 0.005 -37"><span class='ocrx_word' id='word_1_134' title='bbox 985 3660 1129 3733; x_wconf 85' lang='lat' dir='ltr'>haec</span> <span class='ocrx_word' id='word_1_135' title='bbox 1158 3663 1228 3732; x_wconf 78' lang='lat' dir='ltr'>in</span> <span class='ocrx_word' id='word_1_136' title='bbox 1260 3666 1519 3737; x_wconf 75' lang='lat' dir='ltr'>Fatalis</span> <span class='ocrx_word' id='word_1_137' title='bbox 1548 3670 1635 3738; x_wconf 80' lang='lat' dir='ltr'>ad</span> <span class='ocrx_word' id='word_1_138' title='bbox 1666 3677 1730 3740; x_wconf 84' lang='lat' dir='ltr'>S.</span> <span class='ocrx_word' id='word_1_139' title='bbox 1756 3678 2011 3743; x_wconf 74' lang='lat' dir='ltr'>Brano-</span> <span class='ocrx_word' id='word_1_140' title='bbox 2100 3718 2152 3754; x_wconf 86' lang='lat'>„</span> <span class='ocrx_word' id='word_1_141' title='bbox 2183 3690 2337 3745; x_wconf 88' lang='lat' dir='ltr'>sunt</span> <span class='ocrx_word' id='word_1_142' title='bbox 2381 3720 2406 3754; x_wconf 86' lang='lat'><strong>,</strong></span> <span class='ocrx_word' id='word_1_143' title='bbox 2466 3667 2766 3743; x_wconf 85' lang='lat' dir='ltr'>haerctici</span> <span class='ocrx_word' id='word_1_144' title='bbox 2831 3666 3117 3767; x_wconf 71' lang='lat' dir='ltr'>quidem</span> 
     </span>
     <span class='ocr_line' id='line_1_20' title="bbox 982 3761 3113 3865; baseline 0.002 -38"><span class='ocrx_word' id='word_1_145' title='bbox 982 3761 1088 3829; x_wconf 84' lang='lat' dir='ltr'>m&#39;s</span> <span class='ocrx_word' id='word_1_146' title='bbox 1113 3764 1431 3833; x_wconf 50' lang='lat' dir='ltr'>astensis</span> <span class='ocrx_word' id='word_1_147' title='bbox 1454 3766 1767 3862; x_wconf 74' lang='lat' dir='ltr'>Episcopi</span> <span class='ocrx_word' id='word_1_148' title='bbox 1797 3770 2005 3862; x_wconf 78' lang='lat' dir='ltr'>Signi·</span> <span class='ocrx_word' id='word_1_149' title='bbox 2098 3816 2149 3852; x_wconf 66' lang='lat'>2,</span> <span class='ocrx_word' id='word_1_150' title='bbox 2183 3768 2553 3865; x_wconf 83' lang='lat' dir='ltr'>dogmatici</span> <span class='ocrx_word' id='word_1_151' title='bbox 2639 3766 2706 3838; x_wconf 90' lang='lat' dir='ltr'>in</span> <span class='ocrx_word' id='word_1_152' title='bbox 2758 3763 3113 3858; x_wconf 86' lang='lat' dir='ltr'>Baptismo</span> 
     </span>
     <span class='ocr_line' id='line_1_21' title="bbox 977 3856 3114 3959; baseline 0.005 -33"><span class='ocrx_word' id='word_1_153' title='bbox 977 3859 1150 3928; x_wconf 77' lang='lat' dir='ltr'>ensis</span> <span class='ocrx_word' id='word_1_154' title='bbox 1190 3856 1555 3934; x_wconf 76' lang='lat' dir='ltr'>suboscnra</span> <span class='ocrx_word' id='word_1_155' title='bbox 1583 3867 1876 3959; x_wconf 71' lang='lat' dir='ltr'>quadam</span> <span class='ocrx_word' id='word_1_156' title='bbox 1908 3866 2002 3937; x_wconf 83' lang='lat'>10-</span> <span class='ocrx_word' id='word_1_157' title='bbox 2096 3912 2149 3950; x_wconf 87' lang='lat'>„</span> <span class='ocrx_word' id='word_1_158' title='bbox 2181 3867 2409 3940; x_wconf 83' lang='lat' dir='ltr'>valido</span> <span class='ocrx_word' id='word_1_159' title='bbox 2437 3916 2460 3949; x_wconf 90' lang='lat'><strong>,</strong></span> <span class='ocrx_word' id='word_1_160' title='bbox 2487 3865 2604 3937; x_wconf 91' lang='lat' dir='ltr'>sed</span> <span class='ocrx_word' id='word_1_161' title='bbox 2644 3862 2930 3936; x_wconf 88' lang='lat' dir='ltr'>evanido</span> <span class='ocrx_word' id='word_1_162' title='bbox 2957 3908 2979 3943; x_wconf 91' lang='lat'>‚</span> <span class='ocrx_word' id='word_1_163' title='bbox 3040 3874 3114 3936; x_wconf 86' lang='lat' dir='ltr'>et</span> 
     </span>
     <span class='ocr_line' id='line_1_22' title="bbox 978 3953 3111 4060; baseline 0.002 -37"><span class='ocrx_word' id='word_1_164' title='bbox 978 3974 1060 4024; x_wconf 83' lang='lat' dir='ltr'>ca</span> <span class='ocrx_word' id='word_1_165' title='bbox 1086 3978 1394 4029; x_wconf 75' lang='lat' dir='ltr'>mem-10.</span> <span class='ocrx_word' id='word_1_166' title='bbox 1447 3976 1512 4030; x_wconf 81' lang='lat' dir='ltr'>et</span> <span class='ocrx_word' id='word_1_167' title='bbox 1532 3983 1715 4057; x_wconf 86' lang='lat' dir='ltr'>seqq.</span> <span class='ocrx_word' id='word_1_168' title='bbox 1740 4010 1793 4045; x_wconf 90' lang='lat'><strong>„</strong></span> <span class='ocrx_word' id='word_1_169' title='bbox 1824 3962 1995 4035; x_wconf 86' lang='lat' dir='ltr'>Tra·</span> <span class='ocrx_word' id='word_1_170' title='bbox 2092 4012 2147 4049; x_wconf 84' lang='lat'>,‚</span> <span class='ocrx_word' id='word_1_171' title='bbox 2178 3964 2410 4060; x_wconf 82' lang='lat' dir='ltr'>gratiae</span> <span class='ocrx_word' id='word_1_172' title='bbox 2439 3959 2652 4034; x_wconf 85' lang='lat' dir='ltr'>sterili</span> <span class='ocrx_word' id='word_1_173' title='bbox 2680 4010 2701 4042; x_wconf 92' lang='lat'><strong>,</strong></span> <span class='ocrx_word' id='word_1_174' title='bbox 2738 3961 2829 4031; x_wconf 90' lang='lat' dir='ltr'>ob</span> <span class='ocrx_word' id='word_1_175' title='bbox 2864 3953 3111 4043; x_wconf 77' lang='lat' dir='ltr'>malam</span> 
     </span>
     <span class='ocr_line' id='line_1_23' title="bbox 975 4054 3108 4153; baseline -0 -29"><span class='ocrx_word' id='word_1_176' title='bbox 975 4094 1029 4134; x_wconf 82' lang='lat'>‚,</span> <span class='ocrx_word' id='word_1_177' title='bbox 1058 4055 1417 4136; x_wconf 85' lang='lat' dir='ltr'>ctatus,cui</span> <span class='ocrx_word' id='word_1_178' title='bbox 1450 4057 1687 4129; x_wconf 85' lang='lat' dir='ltr'>titulus</span> <span class='ocrx_word' id='word_1_179' title='bbox 1715 4079 1839 4132; x_wconf 82' lang='lat' dir='ltr'>est:</span> <span class='ocrx_word' id='word_1_180' title='bbox 1871 4070 1994 4147; x_wconf 69' lang='lat' dir='ltr'>Re-</span> <span class='ocrx_word' id='word_1_181' title='bbox 2088 4104 2142 4144; x_wconf 80' lang='lat'>.‚</span> <span class='ocrx_word' id='word_1_182' title='bbox 2176 4063 2381 4135; x_wconf 87' lang='lat' dir='ltr'>fidem</span> <span class='ocrx_word' id='word_1_183' title='bbox 2411 4057 2860 4153; x_wconf 57' lang='lat' dir='ltr'>suscipientis</span> <span class='ocrx_word' id='word_1_184' title='bbox 2888 4054 3108 4126; x_wconf 83' lang='lat' dir='ltr'>Simo-</span> 
     </span>
     <span class='ocr_line' id='line_1_24' title="bbox 973 4150 3109 4253; baseline -0.003 -27"><span class='ocrx_word' id='word_1_185' title='bbox 973 4189 1027 4228; x_wconf 73' lang='lat'>„</span> <span class='ocrx_word' id='word_1_186' title='bbox 1050 4152 1311 4246; x_wconf 75' lang='lat' dir='ltr'>sponsio</span> <span class='ocrx_word' id='word_1_187' title='bbox 1373 4157 1459 4225; x_wconf 79' lang='lat' dir='ltr'>ad</span> <span class='ocrx_word' id='word_1_188' title='bbox 1515 4176 1659 4227; x_wconf 84' lang='lat' dir='ltr'>eam</span> <span class='ocrx_word' id='word_1_189' title='bbox 1693 4161 1990 4253; x_wconf 56' lang='lat' dir='ltr'>quaestio·</span> <span class='ocrx_word' id='word_1_190' title='bbox 2084 4205 2135 4239; x_wconf 90' lang='lat'><strong>„</strong></span> <span class='ocrx_word' id='word_1_191' title='bbox 2167 4159 2341 4235; x_wconf 88' lang='lat' dir='ltr'>niaci</span> <span class='ocrx_word' id='word_1_192' title='bbox 2367 4182 2558 4239; x_wconf 86' lang='lat' dir='ltr'>vero,</span> <span class='ocrx_word' id='word_1_193' title='bbox 2584 4156 2651 4228; x_wconf 90' lang='lat' dir='ltr'>in</span> <span class='ocrx_word' id='word_1_194' title='bbox 2672 4179 2793 4227; x_wconf 87' lang='lat' dir='ltr'>sua</span> <span class='ocrx_word' id='word_1_195' title='bbox 2816 4150 3109 4224; x_wconf 83' lang='lat' dir='ltr'>Ordina-</span> 
     </span>
     <span class='ocr_line' id='line_1_25' title="bbox 971 4244 3103 4349; baseline -0.003 -26"><span class='ocrx_word' id='word_1_196' title='bbox 971 4285 1025 4326; x_wconf 66' lang='grc' dir='ltr'>ο,</span> <span class='ocrx_word' id='word_1_197' title='bbox 1060 4258 1409 4331; x_wconf 68' lang='grc' dir='ltr'>ηεηιςοιν</span> <span class='ocrx_word' id='word_1_198' title='bbox 1441 4268 1784 4349; x_wconf 76' lang='lat' dir='ltr'>corruptus</span> <span class='ocrx_word' id='word_1_199' title='bbox 1831 4270 1987 4329; x_wconf 79' lang='lat' dir='ltr'>tunc</span> <span class='ocrx_word' id='word_1_200' title='bbox 2084 4300 2137 4337; x_wconf 75' lang='lat'>2,</span> <span class='ocrx_word' id='word_1_201' title='bbox 2174 4259 2356 4329; x_wconf 90' lang='lat' dir='ltr'>tione</span> <span class='ocrx_word' id='word_1_202' title='bbox 2380 4302 2403 4324; x_wconf 87' lang='lat'><strong>.</strong></span> <span class='ocrx_word' id='word_1_203' title='bbox 2452 4256 2602 4331; x_wconf 79' lang='lat' dir='ltr'>Nec</span> <span class='ocrx_word' id='word_1_204' title='bbox 2629 4255 2900 4325; x_wconf 80' lang='lat' dir='ltr'>Auctor</span> <span class='ocrx_word' id='word_1_205' title='bbox 2951 4244 3103 4320; x_wconf 80' lang='lat' dir='ltr'>tali·</span> 
     </span>
     <span class='ocr_line' id='line_1_26' title="bbox 972 4348 3100 4450; baseline -0.017 0"><span class='ocrx_word' id='word_1_206' title='bbox 972 4383 1026 4422; x_wconf 68' lang='lat'>2’</span> <span class='ocrx_word' id='word_1_207' title='bbox 1056 4348 1369 4450; x_wconf 55' lang='grc' dir='ltr'>’ΜΡΜῘῘ</span> <span class='ocrx_word' id='word_1_208' title='bbox 1399 4348 1702 4424; x_wconf 59' lang='lat' dir='ltr'>stete-‘¹⁶⁶⁸</span> <span class='ocrx_word' id='word_1_209' title='bbox 1730 4367 1941 4425; x_wconf 53' lang='lat'>5²⁴1&amp;</span> <span class='ocrx_word' id='word_1_210' title='bbox 1963 4401 1988 4436; x_wconf 80' lang='lat'><em>2</em></span> <span class='ocrx_word' id='word_1_211' title='bbox 2083 4399 2136 4435; x_wconf 68' lang='grc' dir='ltr'><em>κ</em></span> <span class='ocrx_word' id='word_1_212' title='bbox 2169 4358 2292 4434; x_wconf 84' lang='lat' dir='ltr'>bus</span> <span class='ocrx_word' id='word_1_213' title='bbox 2321 4402 2346 4439; x_wconf 88' lang='lat'><strong>,</strong></span> <span class='ocrx_word' id='word_1_214' title='bbox 2373 4355 2456 4426; x_wconf 86' lang='lat' dir='ltr'>ad</span> <span class='ocrx_word' id='word_1_215' title='bbox 2485 4374 2608 4424; x_wconf 89' lang='lat' dir='ltr'>cor</span> <span class='ocrx_word' id='word_1_216' title='bbox 2633 4348 3100 4436; x_wconf 54' lang='lat' dir='ltr'>redeuntibus,</span> 
     </span>
     <span class='ocr_line' id='line_1_27' title="bbox 968 4440 3104 4540; baseline -0.001 -22"><span class='ocrx_word' id='word_1_217' title='bbox 968 4481 1024 4519; x_wconf 78' lang='lat'>2,</span> <span class='ocrx_word' id='word_1_218' title='bbox 1052 4464 1183 4513; x_wconf 87' lang='lat' dir='ltr'>non</span> <span class='ocrx_word' id='word_1_219' title='bbox 1212 4445 1465 4517; x_wconf 88' lang='lat' dir='ltr'>nemini</span> <span class='ocrx_word' id='word_1_220' title='bbox 1498 4448 1681 4519; x_wconf 86' lang='lat' dir='ltr'>visus</span> <span class='ocrx_word' id='word_1_221' title='bbox 1708 4468 1810 4522; x_wconf 87' lang='lat' dir='ltr'>est</span> <span class='ocrx_word' id='word_1_222' title='bbox 1838 4475 1991 4524; x_wconf 89' lang='lat' dir='ltr'>om·</span> <span class='ocrx_word' id='word_1_223' title='bbox 2082 4493 2136 4533; x_wconf 71' lang='lat'>2,</span> <span class='ocrx_word' id='word_1_224' title='bbox 2170 4451 2408 4525; x_wconf 86' lang='lat' dir='ltr'>indicit</span> <span class='ocrx_word' id='word_1_225' title='bbox 2461 4448 2975 4540; x_wconf 81' lang='lat' dir='ltr'>susceptionem..</span> <span class='ocrx_word' id='word_1_226' title='bbox 2988 4440 3104 4536; x_wconf 84' lang='lat' dir='ltr'>Sa-</span> 
     </span>
     <span class='ocr_line' id='line_1_28' title="bbox 969 4537 3153 4641; baseline 0.002 -34"><span class='ocrx_word' id='word_1_227' title='bbox 969 4579 1022 4616; x_wconf 86' lang='lat'>„</span> <span class='ocrx_word' id='word_1_228' title='bbox 1052 4537 1237 4613; x_wconf 88' lang='lat' dir='ltr'>nium</span> <span class='ocrx_word' id='word_1_229' title='bbox 1295 4544 1625 4618; x_wconf 76' lang='lat' dir='ltr'>Auctoris</span> <span class='ocrx_word' id='word_1_230' title='bbox 1681 4547 1986 4641; x_wconf 85' lang='lat' dir='ltr'>Scripto-</span> <span class='ocrx_word' id='word_1_231' title='bbox 2080 4590 2131 4626; x_wconf 77' lang='lat'>2,</span> <span class='ocrx_word' id='word_1_232' title='bbox 2161 4541 2949 4622; x_wconf 80' lang='lat' dir='ltr'>eramentiPoenitentiae,</span> <span class='ocrx_word' id='word_1_233' title='bbox 2975 4561 3095 4611; x_wconf 88' lang='lat' dir='ltr'>cu·</span> <span class='ocrx_word' id='word_1_234' title='bbox 3142 4608 3153 4621; x_wconf 85' lang='grc'><strong>,</strong></span> 
     </span>
     <span class='ocr_line' id='line_1_29' title="bbox 965 4641 3098 4739; baseline -0.001 -26"><span class='ocrx_word' id='word_1_235' title='bbox 965 4674 1019 4713; x_wconf 73' lang='lat'>22</span> <span class='ocrx_word' id='word_1_236' title='bbox 1047 4656 1198 4709; x_wconf 83' lang='lat' dir='ltr'>rum</span> <span class='ocrx_word' id='word_1_237' title='bbox 1230 4641 1797 4727; x_wconf 78' lang='lat' dir='ltr'>morbosissimus,</span> <span class='ocrx_word' id='word_1_238' title='bbox 1815 4647 1981 4722; x_wconf 76' lang='lat' dir='ltr'>,duas</span> <span class='ocrx_word' id='word_1_239' title='bbox 2075 4688 2127 4724; x_wconf 65' lang='grc' dir='ltr'><em>η</em></span> <span class='ocrx_word' id='word_1_240' title='bbox 2153 4650 2262 4730; x_wconf 81' lang='lat' dir='ltr'>ius</span> <span class='ocrx_word' id='word_1_241' title='bbox 2295 4661 2446 4739; x_wconf 91' lang='lat' dir='ltr'>post</span> <span class='ocrx_word' id='word_1_242' title='bbox 2474 4641 2917 4722; x_wconf 81' lang='lat' dir='ltr'>initiationem</span> <span class='ocrx_word' id='word_1_243' title='bbox 2969 4653 3098 4729; x_wconf 82' lang='lat' dir='ltr'>pet</span> 
     </span>
     <span class='ocr_line' id='line_1_30' title="bbox 965 4735 3089 4838; baseline -0.003 -27"><span class='ocrx_word' id='word_1_244' title='bbox 965 4772 1019 4811; x_wconf 62' lang='grc' dir='ltr'><em>κ</em></span> <span class='ocrx_word' id='word_1_245' title='bbox 1045 4735 1135 4805; x_wconf 91' lang='lat' dir='ltr'>ob</span> <span class='ocrx_word' id='word_1_246' title='bbox 1167 4759 1396 4813; x_wconf 79' lang='lat' dir='ltr'>causas</span> <span class='ocrx_word' id='word_1_247' title='bbox 1428 4789 1454 4825; x_wconf 89' lang='lat'>,</span> <span class='ocrx_word' id='word_1_248' title='bbox 1500 4757 1827 4835; x_wconf 77' lang='lat' dir='ltr'>quantum</span> <span class='ocrx_word' id='word_1_249' title='bbox 1863 4741 1977 4814; x_wconf 86' lang='lat' dir='ltr'>vi·</span> <span class='ocrx_word' id='word_1_250' title='bbox 2074 4785 2126 4823; x_wconf 71' lang='lat'>2,</span> <span class='ocrx_word' id='word_1_251' title='bbox 2151 4742 2575 4838; x_wconf 85' lang='lat' dir='ltr'>Baptismum</span> <span class='ocrx_word' id='word_1_252' title='bbox 2610 4762 2885 4831; x_wconf 81' lang='lat' dir='ltr'>capaces</span> <span class='ocrx_word' id='word_1_253' title='bbox 2907 4748 3089 4808; x_wconf 67' lang='lat' dir='ltr'>sunta</span> 
     </span>
     <span class='ocr_line' id='line_1_31' title="bbox 965 4829 3087 4943; baseline -0.005 -32"><span class='ocrx_word' id='word_1_254' title='bbox 965 4869 1020 4911; x_wconf 62' lang='grc' dir='ltr'><strong><em>κ</em></strong></span> <span class='ocrx_word' id='word_1_255' title='bbox 1048 4832 1181 4941; x_wconf 71' lang='lat' dir='ltr'>deo</span> <span class='ocrx_word' id='word_1_256' title='bbox 1206 4880 1225 4906; x_wconf 87' lang='lat'><strong>.</strong></span> <span class='ocrx_word' id='word_1_257' title='bbox 1254 4835 1451 4910; x_wconf 83' lang='lat' dir='ltr'>Prior</span> <span class='ocrx_word' id='word_1_258' title='bbox 1476 4856 1601 4924; x_wconf 84' lang='lat' dir='ltr'>est,</span> <span class='ocrx_word' id='word_1_259' title='bbox 1639 4841 1823 4934; x_wconf 91' lang='lat' dir='ltr'>quod</span> <span class='ocrx_word' id='word_1_260' title='bbox 1850 4863 1977 4935; x_wconf 91' lang='lat' dir='ltr'>pro</span> <span class='ocrx_word' id='word_1_261' title='bbox 2071 4884 2123 4921; x_wconf 74' lang='lat'>2,</span> <span class='ocrx_word' id='word_1_262' title='bbox 2158 4844 2277 4914; x_wconf 86' lang='lat' dir='ltr'>sed</span> <span class='ocrx_word' id='word_1_263' title='bbox 2336 4859 2595 4914; x_wconf 86' lang='lat' dir='ltr'>tantum</span> <span class='ocrx_word' id='word_1_264' title='bbox 2633 4835 2924 4932; x_wconf 86' lang='lat' dir='ltr'>imponit</span> <span class='ocrx_word' id='word_1_265' title='bbox 2955 4829 3087 4943; x_wconf 61' lang='lat' dir='ltr'>illis</span> 
     </span>
     <span class='ocr_line' id='line_1_32' title="bbox 964 4927 3087 5040; baseline -0.001 -31"><span class='ocrx_word' id='word_1_266' title='bbox 964 4971 1018 5009; x_wconf 71' lang='lat' dir='ltr'>n</span> <span class='ocrx_word' id='word_1_267' title='bbox 1049 4927 1448 5012; x_wconf 62' lang='lat' dir='ltr'>Slmoniacit</span> <span class='ocrx_word' id='word_1_268' title='bbox 1471 4982 1499 5021; x_wconf 78' lang='lat'>‚</span> <span class='ocrx_word' id='word_1_269' title='bbox 1522 4955 1595 5020; x_wconf 71' lang='lat' dir='ltr'>et</span> <span class='ocrx_word' id='word_1_270' title='bbox 1617 4936 1979 5028; x_wconf 67' lang='lat' dir='ltr'>Haereticis</span> <span class='ocrx_word' id='word_1_271' title='bbox 2073 4980 2129 5022; x_wconf 66' lang='grc' dir='ltr'><em>η</em></span> <span class='ocrx_word' id='word_1_272' title='bbox 2158 4938 2627 5025; x_wconf 79' lang='lat' dir='ltr'>necessitatem</span> <span class='ocrx_word' id='word_1_273' title='bbox 2673 4928 3087 5040; x_wconf 58' lang='lat' dir='ltr'>suscipienti}</span> 
     </span>
    </p>
   </div>
  </div>
 </body>
</html>
