4284 6125
783 1393 1240 1456 Exnr1cnr1o.
1331 1451 1349 1471 Ι
1478 1394 1568 1482 343

498 1517 578 1601 qua
596 1488 804 1603 Propheta
838 1490 943 1606 (r):
974 1489 1169 1598 Anserem
1202 1491 1252 1576 ab
1286 1487 1343 1575 eis
1372 1516 1442 1575 cor
1472 1488 1574 1602 inpi-

493 1615 611 1693 deum
633 1630 716 1707 ,et
733 1608 836 1692 dabo
853 1609 907 1693 eir
924 1638 995 1695 cor
1010 1638 1201 1696 carneum
1221 1640 1233 1710 ;
1262 1610 1371 1692 unde
1391 1607 1433 1693 ἃ
1454 1610 1574 1720 Αρο·

495 1730 626 1813 stolus
648 1728 750 1843 (2):
792 1726 887 1813 Non
904 1733 945 1813 in
964 1726 1115 1814 tabulis
1137 1726 1339 1844 lapideis,
1367 1733 1439 1812 sed
1458 1728 1576 1813 tabu·

496 1849 547 1930 lis
567 1848 700 1935 cordis
718 1848 949 1934 carnalibus
969 1909 979 1929 .
1018 1847 1171 1958 Neque
1204 1845 1315 1935 eninr
1336 1848 1399 1931 hae
1419 1846 1575 1931 tabulae
1602 1946 1607 1956 ι

497 1967 682 2052 carnales
710 1967 861 2052 volunt
881 2023 895 2063 ,
927 1989 971 2049 ut
991 1965 1211 2051 carnaliter
1231 1965 1467 2077 sapiamus,
1498 1964 1575 2050 sed

493 2080 536 2167 in
570 2084 889 2199 comparatione
913 2082 1094 2198 lapidis,
1126 2083 1197 2195 qui
1230 2082 1319 2167 sine
1339 2113 1463 2168 sensu
1482 2106 1575 2181 est,

493 2231 593 2289 caro
619 2203 807 2290 sentiat.
843 2201 1008 2290 Idcirco
1028 2231 1102 2317 per
1135 2201 1284 2314 lapidis
1310 2205 1503 2288 duritiam
1521 2200 1577 2286 si·

494 2319 734 2436 gnificatunr
765 2344 827 2407 est
846 2351 921 2408 cor
949 2352 1035 2408 non
1069 2319 1307 2435 intelligens
1343 2384 1357 2420 ‚
1391 2324 1460 2405 sed
1495 2347 1573 2437 per

492 2439 632 2525 carnis
650 2439 972 2527 sensibilitatem
985 2438 1266 2556 significatum
1288 2463 1349 2526 est
1364 2439 1572 2526 corinrel·

490 2558 625 2673 ligens
654 2622 664 2644 .
710 2567 755 2646 ln
793 2561 951 2646 duabus
979 2585 1117 2644 aurem
1153 2560 1301 2647 rabulis
1325 2558 1478 2671 scripta
1507 2580 1572 2642 est

491 2676 558 2762 lex
595 2740 608 2778 ‚
640 2703 819 2797 propter
844 2682 929 2766 duo
962 2679 1231 2764 Testamenta
1266 2676 1569 2794 significanda3

497 2820 559 2881 aut
585 2822 761 2913 propter
780 2797 1050 2885 dilectionem
1072 2795 1191 2894 Dei,
1223 2793 1263 2881 ἃ
1287 2797 1468 2911 proximi
1493 2797 1569 2888 ‚in

499 2914 644 3023 quibus
661 2939 745 3005 tota
763 2919 837 3033 (3)
854 2922 923 3004 lex
937 2921 1114 3032 pendet,
1147 2916 1194 3008 te
1203 2917 1408 3034 prophetia
1431 2979 1441 2999 .
1462 2916 1568 3004 Haec

498 3036 603 3120 enirn
638 3034 682 3122 in
716 3035 891 3151 singulis
925 3036 1074 3123 tabulis
1110 3037 1312 3149 explicata
1351 3060 1447 3125 sunt
1475 3068 1488 3139 ;
1518 3035 1569 3121 in

495 3179 570 3237 una
604 3153 717 3240 eninr
759 3156 838 3240 tria
873 3178 1091 3272 praecepta
1126 3157 1174 3242 ad
1201 3156 1287 3243 Dei
1320 3156 1567 3246 charitatem

495 3270 781 3381 pertinentia,
812 3273 856 3358 in
877 3275 953 3361 alia
971 3304 1080 3363 vero
1115 3295 1277 3387 septem
1309 3275 1568 3392 pertinentia

496 3389 540 3472 ad
569 3392 754 3506 proximi
783 3392 1058 3481 societatem.

872 3630 1180 3718 CLXXXI.

771 3837 865 3922 *na
898 3837 1013 3902 rece
1045 3836 1216 3897 nonum

599 3988 645 4069 ln
674 3986 792 4106 *Lege
826 3988 1005 4076 Domini
1036 3991 1121 4074 duo
1155 4012 1282 4073 testes
1304 4007 1434 4087 sunt·;
1468 3981 1560 4071 vita

485 4094 645 4190 scilicet
664 4133 737 4206 ,et
756 4108 1013 4196 conscientia
1036 4169 1046 4191 .
1082 4110 1182 4194 Duo
1197 4107 1397 4216 Judices;
1429 4103 1560 4190 medi·

484 4220 587 4305 tatio
606 4284 619 4323 ‚
635 4252 678 4310 er
694 4228 891 4315 scientia.
912 4231 1013 4313 Duo
1034 4226 1264 4314 consiliarii
1286 4256 1297 4325 ;
1320 4227 1437 4310 arnor
1456 4226 1558 4320 Dei,

482 4359 525 4420 er
544 4370 660 4431 anror
686 4348 872 4463 proximi
897 4412 908 4432 .
943 4346 1101 4435 Coram
1121 4347 1217 4433 Deo
1238 4346 1355 4433 restis
1375 4367 1436 4429 est
1453 4372 1557 4432 eon·
1587 4452 1594 4464 .

1218 4461 1309 4576 Η

508 4665 562 4745 (ι)
576 4666 759 4742 Erechnrr.
780 4695 835 4759 19.
852 4673 993 4760 Etaufe·
1068 4679 1122 4762 (2)
1143 4670 1293 4743 Mor.
1315 4667 1378 4745 rri.
1396 4691 1428 4760 3·
1593 4738 1599 4748 .

483 4779 553 4826 ram
573 4786 627 4832 cor
642 4764 808 4861 lapideum
839 4774 877 4841 de
893 4794 991 4841 carne
1066 4780 1119 4861 (3)
1134 4766 1357 4839 Marrhnrxri.
1372 4792 1431 4862 40.
1445 4762 1553 4856 Vulg.

482 4874 620 4942 eorum,
637 4880 669 4933 er
682 4864 764 4939 dabo
781 4870 828 4939 er's
849 4893 906 4944 cor
922 4893 994 4943 car·
1044 4871 1199 4938 universa
1212 4866 1266 4938 lex
1274 4870 1406 4962 pendet,
1421 4870 1552 4935 etPro-

481 4974 605 5027 neum·
1038 4967 1169 5065 pheta.
1427 4970 1431 4978 '
