4284 6125
522 1240 623 1355 ‚480
776 994 1479 1333 orvtrrorusr-orrtctutssrrs

533 1381 679 1452 tuum,
709 1380 823 1445 sortes
841 1388 925 1445 uox
943 1382 1014 1447 ruo
1041 1361 1085 1445 irt
1110 1356 1280 1445 ruribus
1307 1352 1457 1443 meir.
1498 1352 1596 1443 Beue

534 1504 636 1589 ergo
667 1476 710 1561 in
752 1477 1117 1593 columbuespecie
1160 1474 1387 1564 descendit
1420 1474 1595 1591 Spiritus

534 1591 709 1681 Sanctus
726 1626 850 1710 super
871 1598 1132 1701 Dominum,
1165 1618 1213 1683 ut
1234 1594 1380 1684 fideles
1397 1595 1596 1696 doceret,

534 1742 623 1798 non
643 1715 760 1801 aliter
781 1716 867 1827 ejus
887 1714 1031 1831 Spritu
1051 1718 1176 1833 posse
1196 1712 1353 1829 repleri
1372 1772 1390 1815 ,
1408 1712 1494 1802 nisi
1511 1712 1597 1805 siut·

532 1832 665 1947 plicet
690 1834 880 1935 fuerint,
912 1833 994 1933 uisi
1013 1864 1156 1923 verum
1171 1828 1508 1929 cum-intribur
1536 1864 1627 1951 ps·

535 1981 626 2039 cero
661 1954 1065 2069 habuerint‚·quuut
1091 1948 1332 2071 significuus
1360 1954 1599 2045 orcula-co·

535 2070 768 2158 lumborum
791 2088 818 2174 ',
858 2069 938 2159 nisi
970 2097 1136 2191 septem
1163 2068 1388 2189 praedictus
1437 2096 1597 2163 neturus

536 2190 745 2279 columbae
775 2188 930 2278 imitari
963 2194 1195 2279 studeant.
1247 2190 1596 2291 Puteolanum

493 2313 495 2317 ’
535 2305 649 2394 enirn
685 2310 942 2429 significatur
978 2304 1235 2425 septiformis
1268 2304 1597 2427 gtttiuS'iritus

523 2423 719 2530 sancti,
752 2456 872 2543 quarn
912 2425 1088 2545 quisque
1124 2424 1265 2533 fidelis.
1287 2428 1436 2525 ¹trusit.-
1534 2427 1599 2521 tis·

535 2542 659 2633 matis
681 2566 883 2650 renatus,
912 2546 956 2635 ἃ
975 2542 1208 2636 usordibus
1233 2541 1439 2649 vitiorum
1459 2548 1598 2663 purifi·

536 2684 653 2751 catus
674 2664 881 2780 suscipit.
914 2663 1172 2783 Unigenitus
1204 2692 1384 2780 numque
1417 2662 1599 2781 fiiiurju·

535 2780 617 2869 dex
649 2807 709 2870 est
729 2784 895 2901 generis
922 2782 1123 2889 humani3
1153 2804 1196 2871 et
1222 2782 1351 2871 horto
1373 2812 1456 2901 pro
1472 2784 1598 2875 housi-

535 2899 663 2984 nibus
693 2898 826 2990 fuctus
843 2963 858 3002 ,
878 2901 1022 2991 utitem
1046 2933 1090 2992 se
1109 2900 1350 2990 horninibus
1378 2901 1595 3016 prtebuit.

536 3016 690 3112 Noluit
718 3017 829 3108 enirn
855 3045 1098 3137 peccatores
1127 3018 1288 3122 ferire,
1314 3022 1394 3110 sed
1415 3022 1598 3142 corrige·

536 3165 615 3226 re.
649 3140 767 3228 Prius
791 3140 930 3230 voluit
950 3162 1164 3230 mansuete
1189 3139 1442 3256 corrigere,
1473 3167 1522 3232 ut
1539 3145 1600 3230 hu·

542 3258 697 3360 beret,
729 3289 834 3374 quos
864 3261 1125 3377 postmodum
1146 3260 1192 3349 io
1215 3256 1378 3369 judicio
1409 3261 1600 3351 salvarer.

537 3375 587 3460 Io
614 3380 805 3466 colomba
831 3411 932 3497 ergo
959 3408 1161 3497 apparere
1186 3407 1311 3492 super
1331 3409 1429 3468 eum
1459 3379 1599 3469 debuit

536 3491 722 3606 Spiritus
741 3496 915 3585 Sanctus
934 3559 948 3598 ,
976 3500 1048 3611 qui
1077 3527 1162 3585 nort
1181 3496 1382 3588 veniebat
1402 3559 1418 3598 ,
1452 3525 1500 3588 ut
1518 3528 1604 3615 pec·

536 3636 627 3700 cata
651 3611 732 3719 jam
771 3645 845 3728 per
869 3621 1004 3703 zelum
1041 3641 1321 3732 percuteret,
1362 3619 1449 3706 sed
1479 3621 1604 3707 aditus

534 3758 614 3854 per
631 3737 997 3823 mansuetudinem
1017 3737 1244 3824 toleraret.
1592 3773 1595 3778 ·

944 3863 1221 4004 cccxv'.

719 4056 780 4115 DE
812 4057 1018 4122 CORPORE
1051 4061 1183 4122 luslus
1218 4058 1442 4122 comtum

535 4315 537 4322 Ι
655 4205 724 4292 De
756 4239 937 4325 corpore
964 4210 1079 4302 illius
1110 4210 1354 4310 columboe,
1388 4210 1436 4299 itu
1457 4241 1543 4328 qua
1565 4207 1612 4296 ud

533 4325 795 4415 salvatorem
830 4331 1014 4446 Spiritus
1049 4331 1211 4446 Sancti.
1230 4331 1368 4448 patuit
1393 4331 1613 4430 manifesto

534 4445 756 4535 descensio
776 4473 945 4548 ,utrum
974 4447 1169 4560 sotejam
1192 4446 1322 4538 fuerit
1339 4510 1353 4552 ,
1370 4480 1422 4537 un
1441 4453 1492 4540 ud
1512 4475 1612 4538 teut-

531 4591 614 4768 pus
649 4565 800 4655 factum
826 4570 970 4659 subito
1017 4569 1265 4683 apparuerit
1299 4629 1313 4671 ‚
1367 4568 1606 4698 quaeritur..

562 4679 698 4797 itique
725 4687 776 4774 ad
802 4708 968 4807 ternpus
993 4713 1249 4792 ostensum,
1276 4713 1324 4778 ut
1349 4687 1610 4890 siguumssrt·

1506 4831 1542 4896 st
1572 4827 1606 4890 r·
