4284 6125
734 1281 794 1372 86
972 1302 1241 1365 urvmonuut
1272 1301 1556 1368 orrtcrouunr

734 1403 795 1492 ira
815 1391 1086 1483 historialiter
1101 1395 1301 1510 scripsit:
1333 1399 1472 1486 Arcus
1498 1397 1612 1487 enim
1629 1397 1674 1489 in
1691 1433 1705 1490 a

737 1550 795 1607 ex
824 1513 1004 1632 imagine
1037 1515 1137 1603 solis
1172 1516 1253 1603 hoc
1285 1518 1705 1626 modoformatur3c

737 1635 851 1726 enim
886 1637 948 1723 sol
997 1632 1042 1720 in
1088 1633 1272 1722 nubibus
1308 1637 1619 1728 rarescentibus
1656 1670 1705 1728 ex

737 1781 863 1844 verro
897 1752 1141 1853 refulserit,
1171 1753 1393 1868 radiosque
1425 1785 1524 1844 suos
1554 1760 1705 1850 directa

737 1906 814 1964 nea
849 1874 1014 1961 humori
1055 1871 1256 1961 nubiloso
1289 1874 1582 1965 transfundens
1618 1877 1705 1997 imp

737 1993 874 2094 serit,
907 1995 953 2079 fit
972 1992 1238 2108 repercussio
1278 1995 1515 2110 splendoris
1549 1994 1637 2110 ejus
1655 1999 1700 2085 in

738 2116 910 2211 bibus,
943 2141 994 2196 ex
1026 2111 1179 2226 quibus
1212 2112 1347 2232 fulgor
1367 2113 1524 2204 micans
1561 2147 1705 2206 arcus:

738 2235 849 2323 ciem
891 2231 1083 2317 format.
1133 2229 1333 2344 Denique
1378 2234 1468 2321 sine
1503 2237 1622 2337 sole,
1654 2261 1695 2322 et

740 2355 865 2440 bibus
912 2379 1125 2463 nunquam
1171 2376 1343 2464 apparet
1377 2362 1547 2457 arcus‘,
1586 2357 1657 2443 sed
1700 2393 1705 2440 r

739 2489 958 2560 rarescunt
985 2469 1150 2553 nebulae
1183 2468 1274 2556 caeli
1299 2534 1310 2570 ,
1340 2501 1396 2559 ex
1422 2497 1572 2589 tepore
1605 2473 1705 2560 radii

739 2589 789 2678 lis
808 2585 970 2705 speeies
990 2586 1079 2698 ejus
1102 2587 1306 2678 formatur
1327 2659 1339 2680 .
1377 2590 1703 2710 Quadricolore

740 2732 830 2805 est,
849 2730 902 2793 ¹et
924 2737 981 2794 ex
999 2706 1197 2796 omnibus
1214 2709 1432 2797 elementis
1450 2709 1496 2797 in
1515 2741 1559 2800 se
1579 2706 1705 2824 rapit:

740 2825 825 2915 cies
846 2889 856 2910 .
889 2827 959 2911 De
977 2828 1082 2918 caelo
1102 2826 1216 2914 enirn
1233 2828 1359 2918 trahit
1377 2827 1548 2947 igneum
1571 2831 1705 2918 colore

735 3064 762 3101 „
777 3014 1012 3111 Quadricolor
1038 3016 1128 3087 eninr
1153 3038 1242 3100 est,
1290 3032 1426 3101 „tores
1452 3018 1623 3091 cremandi
1649 3042 1705 3090 sun

736 3162 764 3199 ,‚
782 3132 817 3185 et
832 3138 873 3185 ex
887 3115 1044 3186 omnibus
1065 3113 1241 3188 elementis
1290 3165 1314 3199 ‚,
1332 3115 1490 3187 inferno.
1504 3165 1528 3200 ‚,
1545 3117 1641 3190 Idem
1655 3116 1705 3188 S.l

732 3212 812 3299 „in
834 3236 869 3284 se
888 3213 978 3307 rapit
1002 3211 1160 3308 species.
1185 3213 1243 3283 De
1292 3213 1661 3288 Comment.inGenes.
1675 3227 1705 3285 D

734 3361 762 3395 „
779 3310 959 3384 cacloenim
983 3312 1086 3384 trahit
1103 3312 1240 3425 igneum
1292 3336 1354 3396 ea,
1381 3315 1455 3387 siue
1487 3316 1527 3387 de
1541 3315 1679 3389 Diluvio
1697 3324 1705 3383 r

734 3459 762 3494 „
782 3408 960 3492 colorem,
986 3413 1028 3482 de
1045 3435 1140 3503 aqurs
1159 3432 1241 3501 pur·
1292 3410 1705 3511 dicap.v11.pag.4r4.co

731 3553 761 3589 ‚,
781 3528 943 3596 pureum,
964 3509 1007 3578 de
1022 3531 1101 3579 aere
1114 3508 1240 3590 album,
1292 3510 1584 3592 „Testamentum
1613 3512 1705 3581 Deus

737 3648 763 3683 ,‚
781 3602 823 3670 de
833 3601 931 3671 terris
944 3603 1080 3695 colligit
1092 3607 1241 3698 nigrum·
1292 3655 1319 3690 „
1333 3604 1402 3676 suit
1419 3605 1508 3676 inter
1520 3624 1604 3689 se‚et
1618 3606 1705 3676 homi

736 3747 763 3782 ‚,
778 3695 848 3768 Hic
864 3714 976 3769 autem
998 3704 1109 3772 Arcus
1123 3725 1186 3793 pro
1201 3723 1242 3774 eo
1290 3720 1434 3792 „atque
1476 3724 1612 3772 omnem
1649 3695 1703 3767 ani

735 3846 761 3881 ‚‚
778 3796 869 3888 quod
902 3794 1016 3869 asole
1050 3797 1245 3892 resplendet
1292 3797 1451 3885 „vivam
1479 3846 1491 3881 ‚
1517 3822 1558 3869 ne
1574 3796 1693 3890 perdat

737 3941 763 3977 „
783 3893 816 3962 in
833 3892 976 3965 nubibus
991 3945 1001 3977 ,
1016 3896 1149 3968 Christi
1165 3897 1244 3991 glo·
1292 3946 1317 3983 ,‚
1332 3893 1490 3968 diluvio:
1517 3918 1632 3967 arcum
1651 3890 1705 3964 scil

735 4038 761 4076 ,‚
781 3989 864 4061 riam
880 3989 1007 4064 indicat
1036 3993 1070 4066 in
1089 3994 1243 4088 Prophe·
1288 4044 1314 4082 ‚,
1333 3988 1392 4089 qui
1410 4009 1550 4087 apparet
1584 3992 1618 4066 in
1637 3990 1704 4062 nub

737 4138 763 4172 „
779 4087 834 4168 tis,
849 4112 886 4159 ac
901 4089 1115 4164 Doctoribus
1136 4091 1242 4164 reful·
1289 4090 1390 4187 „·qui
1420 4115 1592 4257 nunpuam
1618 4139 1630 4173 ,
1661 4087 1705 4159 nis

738 4235 765 4270 ‚‚
785 4189 957 4280 gentem.
1000 4190 1074 4262 Alii
1111 4192 1247 4263 duobus
1293 4239 1321 4277 „
1336 4188 1409 4260 sole
1421 4210 1497 4280 resp
1514 4186 1693 4260 endet.llli

737 4331 765 4367 „
782 4283 954 4360 coloribus
971 4335 982 4369 ‚
1009 4287 1117 4371 idest,
1141 4309 1247 4381 aquo·
1294 4335 1321 4373 ,‚
1336 4305 1403 4358 non
1417 4303 1563 4378 pereunt
1578 4284 1705 4358 diluvic

736 4430 763 4468 „
778 4405 818 4452 so
833 4430 844 4463 2
859 4379 1007 4480 erigam
1020 4389 1091 4458 duo
1110 4385 1242 4469 iuditia
1291 4434 1318 4471 ‚,
1334 4384 1368 4457 in
1384 4381 1579 4477 Prophetis,
1595 4403 1629 4456 et
1646 4384 1678 4457 in
1695 4408 1705 4454 <

736 4477 995 4572 „significatu
1023 4484 1184 4555 dixerunt
1230 4528 1242 4554 .
1291 4484 1398 4567 „bus
1428 4479 1555 4553 divinis
1585 4484 1705 4575 Scripn

737 4625 764 4660 „
778 4577 921 4661 Unum,
943 4601 1098 4672 proquo
1111 4581 1251 4656 dudum.
1289 4627 1319 4666 ,‚
1330 4595 1500 4674 tamquam
1511 4579 1543 4651 in
1558 4582 1625 4653 Dei
1641 4581 1705 4653 nub

729 4720 764 4764 2,
780 4672 878 4767 impii
902 4677 1079 4772 perierunt
1101 4674 1134 4751 in
1154 4675 1244 4751 dilu·
1291 4698 1519 4772 „agnoscunt
1567 4676 1700 4753 Christi

738 4771 874 4855 „vium
902 4802 913 4859 3
942 4773 1087 4849 alterurn
1128 4824 1141 4861 ‚
1181 4794 1243 4867 per
1289 4823 1316 4859 .,
1341 4775 1452 4862 riam,
1484 4798 1518 4853 et
1545 4805 1612 4857 non
1645 4798 1705 4881 qua

734 4915 763 4954 ,‚
777 4877 868 4969 quod
883 4874 1104 4974 postmodum
1119 4893 1242 4971 pecca·
1288 4920 1313 4959 ‚‚
1327 4896 1446 4957 suam.
1468 4927 1493 4965 ,,
