4284 6125
1732 1457 2542 1518 zer1CAT1o
3048 1436 3223 1550 487

1111 1551 1306 1635 dum
1346 1610 1374 1651 ,
1443 1542 2306 1665 improbandumque,
2371 1554 2513 1637 sed
2581 1552 2674 1637 ad
2715 1549 3235 1668 implendum

1106 1668 1395 1783 potius
1436 1670 1694 1785 legem
1734 1728 1761 1767 ,
1822 1671 2449 1783 Prophetasque
2503 1668 2827 1756 venisse
2872 1703 2897 1773 3
2956 1700 3232 1782 neque

1107 1788 1259 1871 alia
1300 1816 1383 1872 se
1416 1818 1563 1902 per
1601 1789 2177 1903 Evangelicam
2228 1789 2571 1905 gratiam
2605 1787 2875 1875 facere
2914 1815 3046 1888 ,et
3085 1793 3239 1876 do-

1107 1933 1299 1991 cere
1335 1967 1364 2005 ‚
1427 1936 1669 2023 quam
1726 1936 1915 2019 quae
1972 1906 2249 2023 legalis
2287 1971 2312 2009 ,
2357 1934 2439 1992 et
2492 1907 2979 2018 prophetica
3013 1908 3238 1994 Scri-

1107 2050 1355 2136 ptura
1389 2056 1576 2110 eum
1626 2024 2035 2112 facturum
2076 2084 2104 2125 ,
2168 2030 2783 2138 docturumque
2840 2024 3238 2140 signaret.

1106 2141 1277 2227 Sed
1334 2170 1733 2257 quantum
1788 2144 2010 2229 inter
2065 2162 2354 2256 aquarn
2391 2204 2419 2245 ,
2482 2144 2563 2233 ἃ
2638 2142 2926 2228 vinum
2966 2204 2993 2243 ,
3058 2171 3236 2231 tan·
3287 2152 3291 2157 ’

1101 2282 1282 2344 tum
1325 2285 1651 2348 constat
1689 2262 1984 2349 distare
2019 2261 2244 2348 inter
2286 2293 2617 2350 sensum
2675 2262 2902 2346 inum
2949 2326 2972 2358 ,
3054 2292 3229 2374 quo

1100 2377 1566 2494 Scripturae
1621 2408 1810 2468 ante
1843 2385 2293 2468 adventum
2339 2380 2791 2468 Salvatoris
2824 2379 3231 2494 intellige-

1103 2500 1403 2584 bantur
1441 2559 1469 2600 ,
1541 2499 1627 2586 ἃ
1663 2528 1850 2587 eum
1888 2560 1914 2599 ,
1983 2530 2231 2614 quem
2273 2500 2623 2587 veniens
2675 2499 2858 2610 ipse
2914 2504 3228 2586 revela·

1104 2614 1780 2735 vitApostolis‚
1849 2648 2311 2732 eorumque
2394 2618 2825 2731 discipulis
2923 2646 3226 2732 perpe1-

1095 2754 1250 2819 tuo
1325 2741 1839 2851 sequendum
1910 2737 2249 2846 reliquit
2322 2802 2342 2822 .
2435 2739 2887 2825 Videamus
2943 2756 3219 2852 ergo,

1091 2851 1388 2941 fratres
1420 2916 1450 2956 ,
1514 2886 1667 2943 sex
1731 2856 2062 2968 hydrias
2101 2856 2721 2972 scripturarum
2786 2884 2990 2969 aqua
3025 2858 3230 2943 salu·

1098 2972 1249 3056 tari
1301 2975 1658 3087 repletas
1724 3036 1745 3058 .
1823 2974 2277 3062 Videamus
2340 2978 2707 3062 eamdem
2780 3004 3067 3089 aquam
3131 2976 3219 3059 iri

1096 3092 1672 3179 svavissimum
1728 3094 1909 3181 vini
1949 3097 2301 3182 odorem
2358 3155 2389 3199 ,
2461 3120 2957 3215 gustumque
2994 3112 3228 3183 'con-

1093 3235 1413 3296 versam
1456 3273 1476 3296 .

1785 3330 2509 3419 CCLXXIV.

1700 3534 1820 3594 DE
1894 3537 2184 3597 PRIMA
2251 3536 2584 3596 HYDRIA

1274 3685 1367 3766 In
1424 3681 1692 3797 prima
1736 3686 1994 3775 seculi
2027 3712 2278 3777 aetate
2317 3749 2344 3788 ,
2421 3707 2514 3771 ut
2548 3683 2636 3771 in
2680 3681 2899 3770 libro
2935 3686 3217 3773 Gene-

1080 3794 1190 3884 sis
1219 3800 1372 3917 (1)
1405 3802 1704 3918 legitur
1737 3864 1766 3904 ‚
1821 3805 2050 3892 misit
2081 3809 2319 3894 Deus
2352 3831 2745 3921 soporem
2783 3802 2869 3887 in
2905 3806 3216 3907 Adam,

1076 3914 1409 4006 &·tu!it
1445 3952 1686 4009 unam
1738 3927 1842 4012 de
1880 3925 2140 4014 costis
2176 3928 2353 4036 ejus
2396 3986 2423 4025 ,
2481 3948 2568 4009 et
2618 3922 3065 4010 aedificavit
3101 3953 3206 4011 ex

1076 4068 1170 4122 ea
1212 4040 1639 4156 mulierem
1676 4103 1703 4152 ‚
1772 4068 1857 4130 et
1911 4043 2001 4128 in
2042 4047 2234 4134 loco
2293 4040 2507 4131 ossis
2593 4070 2766 4126 non
2833 4070 2925 4126 os
2966 4104 2993 4144 ‚
3060 4047 3207 4129 sed

1069 4167 1402 4242 carnem
1473 4162 1757 4273 posuit
1821 4226 1845 4250 .
1918 4162 2094 4248 Ubi
2160 4160 2430 4277 quaeri
2490 4183 2776 4278 potest
2840 4221 2871 4262 ,
2948 4192 3207 4275 quare

1070 4300 1244 4358 non
1284 4306 1384 4363 ex
1427 4280 1689 4366 nihilo
1733 4341 1764 4381 ,
1825 4280 1966 4367 vel
2001 4309 2103 4367 ex
2160 4310 2390 4370 -terra
2427 4338 2455 4379 ,
2520 4283 2661 4368 sed
2722 4284 2825 4364 de
2892 4308 3119 4366 costa
3175 4309 3204 4383 ;

1069 4395 1205 4473 vel
1272 4420 1504 4483 certe
1550 4429 1801 4513 quare
1859 4430 2028 4486 non
2075 4430 2185 4506 ,ex
2252 4430 2562 4499 carne,
2629 4402 2929 4510 sed-ex
3008 4425 3202 4483 osse

1066 4505 1428 4599 formare
1482 4520 1755 4605 voluit
1804 4518 2237 4605 mulierem
2281 4521 2327 4607 2
2402 4523 2609 4603 It'em
2660 4548 2824 4604 ·cur
2869 4542 3035 4597 non
3077 4518 3201 4599 vi·

1068 4624 1361 4738 gilanti
1404 4635 1591 4738 viro
1628 4696 1657 4736 ‚
1727 4640 1869 4722 sed
1903 4640 2354 4726 dormienti
2392 4661 2705 4723 costam
2746 4631 2933 4717 tuiit
2973 4633 3016 4718 ‘2
3050 4636 3195 4747 An

1068 4739 1442 4837 fortassis
1484 4813 1513 4854 ,
1578 4778 1884 4842 utnon
1939 4756 2295 4844 sentiret
2341 4755 2387 4844 ἲ
2454 4755 2616 4839 Sed
2670 4754 2848 4840 haec
2910 4753 3199 4843 omnia

2412 4873 2727 4984 Hh4

1174 5010 1279 5100 (1)
1313 5005 1562 5085 Genea.
1591 5034 1743 5107 cap.
1781 5009 1880 5089 114
1912 5033 2184 5093 verax.
