4284 6125
597 1342 687 1430 288
836 1357 1107 1428 nrvrnonunt
1138 1350 1422 1430 orstetottunt

597 1458 784 1574 sepultus
814 1458 895 1544 fuit
915 1464 1049 1547 tribus
1082 1457 1262 1560 diebus,
1297 1483 1340 1547 et
1372 1460 1510 1547 tribus
1543 1456 1695 1551 nocti²

596 1583 704 1665 bus.
739 1579 923 1677 Terror,
956 1578 1029 1692 qui
1067 1607 1142 1693 per
1178 1606 1329 1667 sonum
1363 1580 1488 1716 lignni
1497 1579 1544 1665 fit
1580 1606 1690 1698 post

596 1703 647 1787 Β
641 1699 862 1797 nedictus,
882 1721 1172 1793 terraemotum
1191 1698 1330 1784 innuit
1352 1697 1457 1809 ,qui
1476 1696 1522 1785 in
1542 1724 1691 1789 morte

597 1819 778 1907 Domini
814 1816 1092 1905 crucifixores
1126 1815 1322 1904 terruit.
1374 1818 1532 1906 Oscula
1565 1820 1690 1935 pacis

597 1936 728 2025 ideo
717 1936 1039 2024 intermittimus
1058 1995 1072 2035 ‚
1106 1964 1158 2022 ne
1175 1937 1342 2073 perfido
1353 1938 1473 2048 Judae
1493 1964 1690 2027 commu·

599 2056 816 2156 uicemus,
836 2083 906 2169 qur
896 2055 1152 2144 osculando
1169 2052 1367 2171 implevit
1385 2054 1684 2145 homicidium

718 2179 795 2260 Per
815 2176 1000 2261 triduum
1018 2174 1118 2259 illud
1138 2235 1152 2275 ,
1179 2176 1291 2290 quod
1311 2194 1487 2262 estante
1506 2177 1689 2280 Pascha,

596 2294 797 2384 dicuntur
831 2292 1169 2381 Lamentationes
1196 2295 1393 2405 Jetemiae
1429 2354 1443 2394 ,
1475 2325 1575 2407 quas
1610 2325 1690 2411 ap·

597 2415 799 2529 pellamus
834 2415 1054 2500 tenebras·
1043 2478 1057 2515 ,
1087 2410 1132 2501 ἃ
1167 2416 1367 2502 dicuntur
1391 2415 1593 2502 Treuir
1546 2415 1593 2531 (ι
1598 2415 1687 2532 )ιι

598 2534 792 2622 Trenaro
818 2531 1005 2632 Monte,
1036 2533 1108 2618 ubi
1140 2532 1280 2646 primo
1306 2529 1463 2621 auditae
1494 2556 1593 2621 sunt
1628 2535 1688 2622 lu·

493 2739 498 2747 .
598 2652 883 2742 mentationes
910 2651 1168 2738 animarum.
1201 2652 1284 2739 Vel
1310 2650 1425 2766 quasi
1452 2652 1591 2752 terni,
1629 2682 1687 2740 eo

599 2774 714 2886 quod
737 2769 960 2883 tripliciter
995 2791 1271 2885 exponantur
1288 2802 1312 2859 a
1327 2768 1582 2867 Parrhasio,
1620 2801 1689 2859 se·

600 2892 781 2978 cundum
798 2887 1045 2986 Historiam,
1065 2888 1341 3005 Allegoriam,
1356 2888 1687 3004 Tropologiam.

598 3009 682 3095 Vel
715 3007 811 3122 qnia·
839 3032 936 3125 post
972 3006 1144 3095 tertium
1182 3038 1366 3105 versum·
1385 3007 1445 3095 ibi
1470 3029 1538 3096 est
1559 3006 1693 3097 litera

600 3127 812 3249 alphabeti
836 3194 846 3216 .

600 3268 619 3292 ·“
1002 3247 1038 3335 C
1060 3246 1223 3337 LVII
1242 3254 1276 3335 l.

896 3452 978 3516 DE
1009 3455 1391 3517 PARAscEvtt

718 3611 765 3690 ln
794 3630 909 3693 sexta
928 3603 1032 3693 feria
1050 3667 1065 3707 ‚
1083 3607 1161 3697 hoc
1178 3631 1258 3706 est,
1274 3605 1319 3693 in
1339 3611 1569 3699 Parasceve
1587 3607 1688 3693 duae

598 3722 843 3839 Prophetiae
865 3726 1056 3839 leguntur
1076 3755 1090 3829 3
1121 3749 1203 3816 una
1228 3731 1280 3812 de
1299 3726 1442 3847 Lege,
1473 3730 1600 3817 alteru
1633 3727 1691 3810 de

599 3840 825 3962 Prophetis
847 3874 861 3948 3
892 3868 934 3931 et
953 3844 1044 3931 sine
1064 3846 1197 3936 titulis
1217 3909 1228 3933 .
1246 3848 1359 3938 Duae
1381 3848 1612 3938 Lectiones
1631 3846 1693 3931 le·

1577 3992 1694 4082 gun-

638 4137 691 4225 (1)
707 4132 891 4207 Durandns
921 4135 1113 4209 Rationalis
1163 4186 1188 4222 ‚‚
1206 4160 1311 4218 rrum,
1340 4133 1425 4230 quit
1451 4152 1584 4223 semper
1612 4151 1694 4206 tres

603 4226 724 4303 lib..vr
714 4256 813 4323 ..cap
817 4236 937 4305 txxrl
956 4260 1048 4307 nurn
1056 4260 1114 4306 12.
1162 4258 1324 4319 „versus
1355 4249 1433 4326 post
1460 4252 1691 4321 unamquam-

601 4372 628 4409 ,,
642 4328 852 4399 Dicuntur..
868 4335 996 4400 .Trenr‘
996 4333 1117 4417 ‚idest‚
1164 4356 1273 4428 „que
1301 4329 1434 4401 literam
1461 4326 1615 4399 hebraici
1636 4328 1692 4399 al·

599 4425 944 4507 „lamentationesa
974 4435 1114 4503 Trenato
1163 4429 1342 4524 „phabeti
1358 4441 1571 4523 sequunturr
1589 4428 1692 4519 quod

599 4541 780 4605 „monte,
806 4524 865 4596 ubi
887 4524 1117 4599 lamentaani
1164 4526 1425 4619 ‚a,lphabetum
1466 4539 1582 4599 totum
1623 4547 1693 4614 pet·

599 4644 797 4705 „marum²
816 4624 1117 4716 quaeibipuniun·
1164 4619 1694 4709 „ordineminillislamenta·

599 4761 626 4798 „
615 4735 697 4796 ,tur
696 4741 805 4813 ‚saepe
818 4722 928 4793 audiri
942 4722 1115 4794 dicuntur.
1165 4772 1190 4810 ,‚
1205 4722 1354 4796 tionibus
1368 4722 1533 4832 ponitur.
1548 4766 1575 4802 „

597 4814 721 4898 „Inde
751 4819 857 4894 etiam
891 4819 1021 4893 dicitur
1049 4835 1117 4896 tre·
