4284 6125
545 1319 601 1407 2⁶
782 1345 1048 1409 nrumonurr
1079 1340 1361 1407 osrucmrruru

545 1468 634 1524 sine
669 1436 917 1522 Sanctorum
959 1439 1146 1549 reliquiis
1182 1469 1269 1524 esse
1305 1469 1390 1524 non
1428 1440 1601 1553 debet3

542 1557 793 1642 Sanctorum
816 1585 990 1668 namque
1025 1556 1217 1668 reliquias
1246 1557 1290 1639 in
1310 1562 1438 1642 corde
1470 1590 1602 1677 gesta·

543 1704 665 1767 mus,
700 1674 730 1757 si
763 1704 835 1761 eos
858 1701 1018 1784 semper
1054 1674 1097 1758 in
1126 1700 1263 1762 mente
1290 1678 1485 1765 habemus
1521 1713 1533 1782 ;
1565 1682 1602 1771 si

543 1820 689 1876 eorum
710 1796 851 1884 dicta,
886 1792 925 1878 ἃ
948 1796 1133 1905 exempla
1155 1819 1342 1883 tenemus
1363 1858 1375 1895 ‚
1393 1792 1433 1883 δι
1454 1829 1624 1897 eorum,

541 1913 670 1994 uerbi
712 1914 928 1997 memoriae
960 1919 1337 2003 commendamus,
1381 1915 1500 2003 Beata
1533 1923 1603 2011 illa

541 2032 682 2118 altario
703 2035 776 2148 (t)
803 2094 816 2131 ‚
861 2035 976 2119 beera
995 2033 1062 2119 illa
1082 2038 1241 2134 corda,
1274 2064 1368 2145 quae
1389 2036 1488 2125 tales
1506 2039 1603 2125 reli·

542 2152 658 2263 quias
690 2154 903 2263 suscipere
939 2179 1220 2239 meruerunt.
1256 2159 1441 2271 Quantas
1477 2154 1603 2243 nobis

540 2273 738 2379 reliquias
783 2273 927 2357 Beatus
957 2271 1331 2385 Paulus-reliquit:
1358 2274 1600 2387 quantas&

540 2394 606 2476 alii
645 2390 789 2478 Sincti
828 2390 1124 2504 reliquerunt,
1156 2392 1307 2503 quibus
1328 2394 1401 2511 (2)
1439 2396 1601 2481 utinam

539 2510 675 2598 nostri
694 2508 834 2596 cordis
865 2514 989 2596 altare
1009 2512 1230 2624 impleatur
1247 2512 1347 2628 (3).

656 2633 700 2713 ln
720 2630 877 2718 Tabula
897 2630 1008 2717 enim
1030 2632 1220 2742 reliquiae
1239 2630 1507 2719 includuntur
1524 2632 1599 2733 ‚ar

542 2748 644 2865 lapis
678 2750 981 2863 superponitur
1021 2780 1034 2853 ;
1069 2754 1181 2863 quod
1216 2749 1493 2865 significatum
1534 2776 1599 2839 est

535 2865 579 2953 in
600 2870 822 2981 sepulchro
848 2867 1060 2968 Domini,
1099 2871 1247 2953 eodem
1269 2868 1402 2981 lapide
1421 2870 1599 2968 exciso,

537 2992 609 3075 ubi
630 3052 643 3092 ,
664 3016 846 3099 corpore
867 2987 1036 3104 posito,
1063 2986 1167 3100 lapis
1191 3010 1252 3073 est
1272 2992 1595 3102 superpositus.

534 3108 635 3196 Non
658 3136 757 3222 ergo
776 3107 1060 3194 sanctificetur
1086 3108 1231 3192 Altare
1252 3166 1265 3205 ,
1305 3107 1383 3193 nisi
1402 3111 1477 3224 (4)
1498 3107 1600 3222 lapi·

534 3231 687 3315 deum.
725 3227 847 3340 lapis
880 3226 1084 3343 significat
1119 3224 1369 3328 Christum3
1406 3229 1517 3313 unde
1551 3229 1596 3315 in

532 3350 729 3463 passione
749 3347 903 3434 Altaria
927 3345 1295 3463 discooperiuntur
1318 3378 1330 3449 ;
1365 3346 1461 3459 quia
1490 3407 1504 3446 ,
1533 3344 1600 3434 fu·

534 3466 747 3579 gientibus
768 3465 1006 3574 discipulis,
1027 3467 1137 3553 solus
1156 3465 1351 3553 Christus
1373 3464 1593 3549 remansit.

534 3583 637 3667 Haec
656 3603 796 3663 autem
815 3584 865 3663 de
879 3581 1218 3667 Consecratione
1237 3583 1349 3667 dieta
1367 3581 1594 3666 sufficiant.

535 3777 650 3865 „beri
681 3801 745 3848 non
778 3772 1044 3863 possunt‚sine
1124 3777 1174 3848 (ι)
1203 3773 1285 3841 Haec
1327 3770 1486 3859 periocha
1529 3795 1596 3845 uon

534 3927 560 3961 ,‚
579 3899 725 3968 corpote
747 3867 901 3950 Christi,
929 3894 993 3941 non
1007 3871 1044 3942 fit
1094 3868 1238 3939 habetur
1255 3868 1344 3958 apud
1362 3868 1447 3937 Aah.

534 4021 560 4057 ,‚
577 3966 933 4042 consecratioilltaris
959 3966 1043 4040 fixi.
1120 3973 1173 4052 (α)
1202 3965 1285 4036 Haec
1324 3985 1459 4058 quoque
1490 3968 1596 4041 verba

534 4120 561 4157 ,‚
574 4070 631 4141 De
648 4092 780 4139 consec.
796 4065 873 4138 dist.
890 4091 921 4136 r.
936 4069 979 4136 de
993 4064 1044 4136 fa·
1094 4065 1180 4155 apud
1195 4066 1283 4137 Acir.
1298 4065 1443 4135 desunt.

534 4219 559 4256 „
576 4168 730 4238 brioetc.
748 4165 961 4257 placuir.Sed
979 4164 1044 4234 viu·
1119 4173 1171 4257 (3)
1201 4161 1289 4235 Edit.
1306 4162 1391 4233 Ven.
1416 4181 1450 4234 et
1482 4165 1592 4259 Lugd.

534 4317 559 4352 „
576 4265 633 4337 tici
649 4316 658 4340 ,
676 4265 728 4334 vel
747 4263 915 4344 portatilis
940 4311 949 4330 .
981 4263 1036 4333 Sic
1087 4266 1224 4344 addunt,
1234 4278 1266 4332 et
1281 4263 1477 4332 condiatur.

535 4413 559 4446 „
579 4365 694 4433 eadem
711 4361 1038 4436 distinct.Concedi·
1113 4375 1165 4458 (4¹
1199 4363 1286 4434 Can.
1303 4386 1398 4432 xxxi.
1419 4360 1562 4434 Altaria
1578 4409 1595 4436 .

532 4486 627 4630 prus.
643 4510 667 4544 ‚,
681 4462 835 4536 Adeatur
853 4458 1037 4535 Matienius
1089 4461 1145 4536 De
1161 4462 1360 4535 consecrat.
1378 4458 1455 4530 dist.
1463 4479 1494 4531 1.

548 4583 600 4636 oc.
617 4559 840 4636 cir.num.1l.
