4284 6125
599 1339 652 1370 '⁸
713 1424 720 1440 .
776 1374 1216 1448 nxrcrcnrro:
1323 1419 1328 1422 -
1486 1365 1540 1449 81

463 1471 662 1566 homines
681 1501 829 1562 exorta
848 1474 1116 1574 morituros,
1148 1508 1205 1564 ex
1237 1498 1377 1565 morte
1410 1473 1547 1567 victu·

465 1627 549 1687 ros.
564 1593 885 1708 Nonnunquam
906 1623 1012 1683 vero
1031 1598 1177 1682 eadem
1197 1595 1314 1684 Luna
1331 1595 1456 1683 etiam
1471 1599 1549 1694 Ec,-

464 1714 593 1805 clesia
610 1711 817 1827 accipitur
839 1745 852 1816 ;
887 1711 986 1827 qnia
1009 1714 1069 1805 sic
1088 1714 1209 1803 Luna
1234 1746 1255 1802 a
1283 1714 1406 1815 sole,
1437 1715 1549 1804 sicut

464 1834 657 1923 Ecclesia
675 1863 697 1918 a
715 1832 894 1920 Christo
918 1832 1180 1924 illuminatur
1213 1895 1224 1917 .
1254 1835 1335 1922 Vei
1356 1834 1472 1923 Luna
1489 1836 1553 1922 di·

468 1954 581 2042 citur
608 1951 774 2041 Christi
810 1951 1045 2041 humanitas
1080 2014 1093 2055 ,
1128 1983 1224 2068 quae
1247 1955 1385 2039 lumen
1405 1977 1551 2068 parat,

470 2073 568 2186 quia
578 2075 821 2188 exemplum
837 2075 963 2157 bonae
982 2071 1250 2189 operationis
1270 2071 1361 2160 aliis
1381 2071 1552 2191 tribuit,

468 2191 613 2279 dicens
631 2193 720 2310 (r):
741 2194 988 2308 Exemplum
1006 2193 1104 2279 dedi
1117 2193 1229 2279 vobis
1246 2252 1260 2293 ,
1275 2212 1324 2278 ut
1353 2196 1549 2308 quemod-

467 2317 633 2398 modrrm
670 2343 745 2430 ego
766 2309 850 2419 [eci
865 2372 879 2410 ‚
904 2311 961 2397 ito
1000 2313 1046 2408 ir
1066 2343 1138 2399 vos
1156 2310 1358 2422 faciatis.
1386 2313 1441 2396 Et
1468 2310 1550 2397 ite·

468 2459 566 2515 rum
584 2430 659 2543 (2)
677 2461 688 2513 ε
705 2431 891 2548 Disrireo
913 2464 977 2521 me
995 2492 1008 2530 ,
1027 2433 1124 2548 quio
1147 2431 1387 2549 mitissima,
1406 2431 1452 2523 ir
1475 2432 1549 2515 hu·

469 2547 578 2635 milis
598 2553 738 2635 corde.
753 2553 980 2657 Possumus
1001 2575 1043 2635 et
1060 2551 1106 2636 in
1130 2547 1373 2664 nobisipsis
1392 2551 1549 2634 habere

473 2669 632 2763 solem,
649 2665 692 2753 ἃ
710 2668 871 2755 Lunam
893 2701 906 2769 ;
943 2669 976 2755 si
998 2667 1112 2755 enim
1135 2671 1371 2756 studeamus
1407 2665 1451 2754 ἃ
1468 2695 1550 2753 nos

470 2783 582 2872 effici
608 2785 806 2887 Caelum,
826 2786 1076 2876 habebimus
1109 2787 1154 2874 in
1175 2787 1300 2876 nobis
1328 2783 1550 2874 luminaria
1603 2794 1605 2798 ⁴

472 2903 633 2992 scilicet
652 2906 814 3007 solem,
835 2902 878 2997 ἃ
896 2907 1055 3000 Lunam
1075 2969 1089 3010 ‚
1109 2909 1187 2996 hoc
1207 2934 1286 3009 est,
1309 2905 1549 3005 Christum,

472 3019 516 3110 ἅ
537 3023 766 3112 Ecclesiam
785 3025 872 3136 ejus
894 3056 908 3131 3
942 3026 1034 3145 ipse
1053 3053 1117 3119 est
1136 3026 1250 3116 enim
1282 3029 1357 3112 lux
1376 3024 1548 3124 mundi,

474 3169 570 3251 quae
586 3142 1222 3246 &tEcclesiamilluminar,sicut
1239 3148 1303 3230 sol
1320 3145 1479 3226 Lunam
1498 3140 1549 3227 il·

470 3256 682 3361 luminat,
714 3285 762 3348 ut
778 3290 856 3376 per
875 3260 1007 3375 ipsam
1025 3262 1166 3377 possit
1183 3290 1268 3348 nox
1287 3256 1548 3346 illuminaris

471 3374 544 3459 Sic
579 3376 798 3477 Ecclesia,
832 3402 1030 3489 suscepto
1063 3378 1232 3464 Christi
1265 3374 1421 3462 lumine
1451 3436 1464 3476 ,
1496 3376 1547 3463 il-

470 3490 647 3579 luminat
667 3492 923 3610 ignorantiae
942 3494 1131 3582 tenebris
1151 3517 1416 3583 excaecatos.
1438 3494 1545 3583 Haec

468 3608 599 3696 etiam
617 3613 734 3700 Luna
771 3611 929 3729 patitur
965 3612 1160 3699 similiter
1193 3613 1418 3727 aliquando
1444 3613 1545 3702 ecli-

468 3728 580 3866 psim
599 3762 614 3834 ;
645 3734 760 3845 qnod
797 3732 1007 3848 significat
1049 3733 1190 3820 fideles
1232 3734 1277 3817 in
1305 3752 1433 3820 nocte
1466 3731 1541 3819 hu·

467 3878 533 3957 rus
561 3849 705 3935 mundi
723 3849 1025 3963 aliquantulum
1049 3854 1191 3937 lumen
1215 3849 1314 3936 fidei
1332 3847 1423 3936 aliis
1440 3851 1542 3936 dan·

468 3986 565 4068 tes,
597 3966 669 4081 qui
687 3970 763 4085 (3)
781 3968 1018 4055 Dominum
1045 3968 1298 4057 Creatorem
1330 3996 1450 4055 suum
1468 3969 1540 4057 de·

470 4084 718 4286 {elinquunt
736 4147 753 4188 ‚
785 4084 1048 4190 &diabolm
1081 4088 1347 4205 &operibus
1366 4086 1455 4200 ejus
1470 4084 1535 4176 in·

500 4229 664 4293 retent.

496 4374 548 4455 (ι)
563 4369 769 4451 loanxrrr.
789 4392 845 4461 15.
1006 4379 1060 4468 (3)
1080 4374 1319 4472 Supplevimus
1337 4379 1397 4475 qui
1407 4425 1417 4449 .

495 4468 550 4557 (a)
564 4466 687 4585 Matth·
700 4492 761 4546 xt-
777 4494 834 4561 29.
