4284 6125
800 1345 1243 1410 nxrmcatro
1502 1353 1557 1442 ις

601 1440 836 1578 Dicamus
813 1443 986 1578 igitur,
1021 1444 1122 1559 quid
1144 1441 1289 1530 vinum
1311 1437 1556 1585 significet.

487 1563 650 1657 Vinum
669 1560 784 1650 enim
809 1561 855 1651 in
882 1567 1076 1653 hocloco
1105 1562 1338 1675 majorem,
1365 1589 1409 1649 et
1433 1566 1560 1680 spiri·

485 1688 640 1773 tualem
668 1681 830 1771 divinae
831 1683 964 1820 legis
990 1682 1313 1802 intelligentiam
1337 1683 1554 1803 designat

484 1809 617 1895 Unde
642 1806 693 1893 ad
720 1802 887 1919 nuptias
915 1807 960 1924 (1
966 1806 1183 1923 )vocatus
1200 1803 1392 1891 Salvator
1411 1831 1559 1895 noster

487 1928 538 2013 in
565 1924 710 2014 vinum
736 1953 862 2038 aquas
890 1924 1137 2026 convertit,
1173 1947 1379 2039 quatenus
1405 1924 1560 2059 majori
1668 1961 1672 1971 ·

492 2042 773 2164 intelligentia
809 2046 950 2163 eos(2
953 2043 1229 2164 )erudiret,
1250 2043 1293 2132 a
1311 2041 1563 2162 spiritualis,

489 2193 704 2280 novaeque
733 2166 946 2255 doctrinae
973 2191 1144 2255 nectare
1169 2164 1359 2252 satiarer.
1395 2163 1562 2251 Divina

488 2313 671 2399 namque
708 2284 925 2420 Scriptura
961 2347 977 2389 ,
1019 2289 1068 2377 ad
1105 2288 1269 2373 literam
1301 2284 1562 2383 intellecta,

485 2433 599 2535 aqua
617 2425 683 2490 est
716 2403 804 2492 sine
820 2437 1006 2525 sapore,
1042 2406 1084 2495 ὅι
1111 2403 1412 2518 jucunditate·
1401 2471 1414 2508 ,
1434 2434 1558 2519 quae,

486 2519 525 2607 si
547 2519 832 2664 spiritualiter
863 2528 1169 2646 intelligatur,
1201 2525 1350 2612 vinum
1387 2525 1477 2623 fit,
1514 2544 1559 2609 et

490 2639 662 2773 quidem
685 2646 832 2765 (3)
778 2647 875 2735 miri
892 2649 1085 2786 saporis,
1103 2674 1351 2762 magnaeque
1378 2642 1563 2731 suavita·

489 2759 589 2893 tis,
627 2768 743 2878 quod
777 2767 891 2854 enim
933 2769 1113 2855 interest
1145 2764 1260 2852 inter
1291 2792 1477 2880 aquam,
1514 2759 1560 2850 dt
1677 2868 1684 2885 ,

490 2875 664 2983 vinum,
684 2886 797 2974 hoc
782 2910 962 2977 interest
988 2886 1103 2975 inter
1124 2883 1330 2985 literam,
1361 2904 1404 2970 et
1421 2879 1561 2998 Spiri-

490 3016 607 3085 tum
640 3004 768 3093 Unde
787 3008 1022 3125 Apostolus
1041 3009 1149 3126 (4):
1167 3006 1319 3094 Littera
1337 3024 1475 3092 nutem
1494 3028 1561 3088 oc·

485 3117 584 3208 cidit
615 3124 831 3239 ,Spiritus
860 3152 998 3218 nutem
1025 3128 1253 3256 vivificos
1289 3123 1383 3209 Hoc
1420 3141 1562 3206 autern

485 3236 636 3324 vinum
668 3245 883 3334 Psalmista
906 3243 1036 3333 nobis
1055 3240 1355 3357 promittens,
1379 3237 1438 3322 ait
1454 3240 1562 3351 (5):

444 3356 449 3367 ’
480 3353 798 3445 inebriabuntur
827 3365 878 3447 nd
897 3366 1080 3447 ubertate
1110 3363 1388 3451 domnorum,
1409 3373 1448 3438 et
1479 3374 1564 3439 tor·

479 3490 600 3558 rente
613 3475 844 3592 voluptatis
850 3473 1108 3591 tuaeporobis
1124 3502 1222 3561 eor
1251 3473 1443 3585 Itemque
1461 3472 1560 3589 (6)-

481 3590 543 3678 Et
564 3593 681 3682 colia
709 3610 808 3684 tuus
837 3596 913 3712 (7)
944 3593 1155 3684 inebrians
1185 3593 1562 3710 quampraeclarus

481 3898 506 3936 „
523 3849 558 3922 Si
575 3817 651 3945 quis
666 3851 804 3935 dixerit,
821 3844 1002 3949 receptos,¹
1071 3856 1127 3943 (ι)
1159 3852 1257 3935 loan.
1275 3852 1401 3943 capnl.
1427 3867 1561 3923 uersas

480 3997 507 4033 „
523 3965 558 4020 et
590 3951 795 4044 approbatos
835 3952 997 4034 Ecclesiae
1046 3974 1144 4043 seqq.

482 4046 715 4129 „Catholicae
743 4047 875 4129 Ritus,
894 4049 994 4120 inso·
1069 4054 1125 4140 (2)
1151 4046 1257 4117 Editt.
1284 4066 1387 4117 nor
1598 4124 1602 4131 ¹

480 4191 508 4228 „
496 4142 632 4227 ,lemni
695 4144 993 4217 Sacramentorum
1070 4141 1408 4235 <3)SieEditt.Cod
1416 4158 1558 4239 requam

482 4238 815 4325 „administratione
840 4242 996 4315 adhiberi
1045 4243 1127 4315 miri
1145 4241 1303 4338 saporis.

484 4356 719 4451 „consueton
735 4356 793 4410 aut
808 4340 995 4424 contemni,
1070 4347 1126 4437 (4)
1161 4339 1212 4412 11.
1227 4340 1283 4410 Ad
1301 4337 1441 4409 Corint.
1444 4337 1504 4410 11l.
1520 4338 1558 4407 6·

483 4485 513 4522 „
501 4455 585 4520 ,aut
601 4436 673 4509 sine
687 4456 830 4530 peccato
862 4463 882 4509 a
899 4438 999 4511 mini·
1048 4438 1244 4511 ubiLittera
1259 4438 1347 4507 enim
1362 4438 1481 4509 occidit
1492 4453 1560 4508 etc.

487 4553 604 4618 „stris
617 4557 682 4628 pro
694 4535 796 4607 libito
809 4554 938 4615 omrttt
940 4553 998 4608 aut
1053 4545 1127 4631 (ς)
1153 4535 1239 4608 Psal.
1243 4560 1347 4608 xxxv.
1373 4561 1409 4624 9.

490 4632 560 4715 „in
589 4633 793 4706 novosalios
814 4658 1002 4730 perquem·
1075 4641 1132 4729 (6)
1155 4634 1244 4706 Psal
1262 4633 1355 4708 ml.
1385 4652 1418 4720 5

490 4775 519 4812 2,
507 4755 680 4824 ,eumque
698 4732 858 4806 Ecclesiae
883 4734 1002 4807 Pasto-
1052 4742 1130 4848 (7)
1161 4733 1215 4806 Sit
1236 4731 1320 4826 legit
1346 4726 1558 4822 Augustinus

491 4850 607 4909 „rem
625 4832 748 4902 mutari
768 4856 896 4926 posse,
925 4858 1002 4912 ana-
1050 4830 1088 4909 in
1113 4832 1203 4910 Psal.
1230 4854 1335 4910 mr
1379 4853 1473 4902 num
1502 4848 1559 4923 ¹4

490 4971 520 5011 υ
536 4925 731 5010 thematis
717 4976 769 5016 .„
