4284 6125
796 1360 1241 1449 sxan'rcasrm
1469 1392 1552 1486 557

499 1480 649 1600 legitur
667 1478 710 1567 in
729 1479 984 1597 Apocalypsi
1002 1484 1053 1566 de
1076 1510 1127 1566 eo
1145 1483 1217 1596 (ι)
1236 1510 1248 1563 2
1279 1482 1387 1592 Quin
1403 1510 1493 1574 erot
1509 1491 1564 1576 si·

496 1604 603 1688 milis
626 1604 755 1718 pardo
784 1663 794 1683 .
827 1605 1064 1688 Portatores
1093 1597 1182 1709 ejus
1201 1600 1406 1689 doctrinae
1439 1630 1564 1692 erunt

498 1719 608 1806 sicut
648 1718 731 1806 ursi
753 1716 887 1805 fortes
922 1717 1166 1817 ,·videlicet
1200 1747 1293 1804 cum
1319 1717 1460 1809 furore
1503 1727 1560 1813 lo·

498 1861 674 1949 quantes
713 1863 887 1953 propter
919 1833 1130 1922 vesaniam
1153 1883 1176 1935 ·,
1208 1859 1250 1919 ot
1281 1834 1476 1926 insaniam
1516 1843 1561 1928 in

497 1955 579 2042 illis
595 1954 775 2041 habitam
795 1975 883 2057 ;·=et
901 1953 1124 2070 imperiosa
1143 1957 1273 2041 verba
1289 1955 1562 2063 Antichristi,

498 2102 594 2186 quae
621 2101 696 2187 per
726 2075 825 2160 tales
857 2100 931 2187 per
952 2075 1151 2160 mundum
1182 2073 1404 2173 ferentur,
1435 2102 1560 2168 erunt

499 2189 718 2276 horribilia
740 2250 754 2290 ‚
785 2215 827 2276 et
847 2189 1075 2279 insidiantia
1093 2191 1201 2278 sicut
1218 2222 1265 2277 os
1285 2191 1417 2280 leonis
1436 2258 1445 2277 .
1466 2196 1559 2285 llos

499 2332 564 2396 est
582 2309 693 2395 enim
712 2368 725 2407 ,
746 2311 857 2420 quod
875 2310 1030 2397 dicitur
1048 2309 1093 2396 in
1110 2310 1365 2424 Apocalypsi
1386 2315 1458 2429 (a)
1476 2343 1488 2397 ε
1509 2316 1563 2402 Ea
1625 2357 1629 2366 ·

493 2433 616 2544 pedes
631 2424 719 2538 ejas
735 2429 939 2516 sicarum·
954 2489 968 2528 ‚
995 2449 1036 2514 et
1058 2460 1105 2514 os
1128 2429 1216 2541 ejus
1232 2429 1337 2516 sicat
1350 2461 1397 2518 os
1414 2433 1562 2519 leoniss

497 2550 553 2633 Et
574 2547 663 2658 ipse
699 2546 887 2633 diabolus
913 2545 1027 2633 dabit
1057 2545 1323 2651 Antichristo
1359 2547 1562 2638 virtutem

500 2695 646 2764 suam,
677 2686 725 2750 ot
743 2667 911 2752 seducat
932 2693 1060 2780 genas
1082 2665 1301 2750 humanum
1324 2729 1338 2765 ,
1369 2666 1475 2754 sicut
1492 2668 1562 2756 ille

500 2784 665 2868 seduxit
695 2785 874 2896 primurn
906 2804 1123 2894 parentem
1145 2814 1157 2868 ε
1190 2807 1232 2868 et
1250 2783 1364 2869 dabit
1382 2787 1420 2871 ei
1441 2811 1561 2902 pote·

501 2926 647 2988 statern
667 2928 851 3022 magnam
867 2896 1046 2989 faciendi
1064 2899 1259 2990 miracula
1274 2903 1346 3020 (3)
1361 2908 1404 3028 ,(
1420 2933 1462 2993 et
1480 2909 1560 2999 hoc

525 3179 578 3265 (1)
590 3176 698 3267 Apoc.
713 3202 830 3272 capon
840 3202 853 3249 1
864 3203 1006 3251 nvem.
1060 3229 1085 3264 „
1100 3194 1166 3251 tate
1179 3179 1261 3250 Dei:
1272 3177 1482 3273 Ambiguum
1496 3202 1562 3249 esre

502 3279 546 3340 Et
561 3269 775 3369 bestia‚quanr
789 3278 874 3360 vidi,
888 3276 1006 3349 similis
1040 3304 1043 3307 ’
1058 3324 1083 3360 ,,
1097 3276 1190 3356 solet,
1205 3291 1314 3345 utrum
1323 3290 1497 3372 propterea
1513 3278 1564 3345 di-

502 3383 574 3440 erat
583 3372 712 3464 pardo.
1058 3375 1163 3457 „sint
1189 3374 1285 3465 signa
1312 3420 1322 3452 ‚
1355 3388 1387 3442 et
1408 3374 1565 3468 prodigia

527 3474 579 3556 (2)
605 3467 694 3539 ibid.
976 3557 978 3562 Ι
1058 3472 1435 3564 ‚‚mendacia,quorriam
1445 3487 1567 3541 morta·

522 3572 576 3654 (3)
596 3563 652 3639 De
684 3566 882 3644 Antichristi
909 3565 1007 3641 mira·
1058 3617 1084 3652 ‚,
1099 3568 1259 3639 lessensus
1266 3584 1329 3663 per
1335 3567 1567 3663 phantasmata

500 3659 586 3732 culis
614 3662 647 3731 S.
676 3661 821 3738 Thomas
859 3668 907 3737 11.
955 3665 1004 3738 11.
1057 3715 1083 3750 „
1097 3668 1288 3763 decepturus
1302 3677 1447 3745 est‚ut‚
1477 3666 1566 3761 quod

500 3776 630 3851 quaest.
649 3762 845 3836 ctxxvrrl.
866 3780 928 3834 art.
957 3787 972 3835 1
991 3811 1002 3833 .
1024 3833 1029 3845 ,
1056 3812 1081 3847 ,,
1095 3786 1158 3834 non
1167 3762 1264 3850 facit,
1271 3760 1382 3846 facere
1394 3763 1562 3848 videatur3

500 3858 543 3926 ad
582 3861 764 3930 secundum
788 3887 840 3941 a„
878 3861 931 3932 lbi
948 3862 1001 3931 lo·
1054 3863 1227 3955 „anquira
1243 3858 1564 3940 llla‚etiamsierunt

499 3951 655 4045 „quitur
682 3955 850 4031 Dominus
873 3960 916 4031 de
941 3958 1004 4034 nri·
1055 4004 1080 4039 ‚,
1096 3980 1177 4029 vera
1187 3957 1569 4056 prodigia,adm‚endrr·.

500 4096 525 4133 „
541 4049 686 4132 taculis,
713 4077 786 4144 quae
800 4055 906 4127 fienda
928 4074 1005 4128 sunt
1056 4101 1082 4137 ,‚
1096 4057 1181 4129 ciam
1203 4056 1395 4152 pertrahent
1424 4058 1566 4126 creditu-

500 4193 526 4229 „
545 4168 698 4241 tempore
711 4151 936 4224 Antichris'ti:
963 4156 1004 4226 de
1057 4198 1082 4235 „
1097 4178 1174 4223 ros.
1203 4154 1292 4223 Vera
1306 4170 1417 4223 autern
1441 4152 1562 4225 dicun·

502 4287 528 4324 ,‚
544 4246 852 4339 quibusApostolus
867 4250 952 4324 dicit
961 4252 1004 4323 tl.
1059 4296 1086 4331 ,‚
1099 4268 1178 4331 tur,
1205 4250 1283 4345 quia
1300 4249 1377 4342 ipsae
1395 4273 1447 4321 res
1475 4271 1568 4321 verae

502 4384 528 4420 „
544 4344 584 4411 ad
600 4344 747 4416 Thessal.
769 4346 815 4417 rl.
846 4354 934 4443 quod
948 4351 1005 4419 ad·
1058 4394 1082 4429 „
1102 4365 1229 4429 erunt,
1254 4348 1342 4419 sicut
1369 4345 1460 4437 Magi
1476 4346 1563 4415 Pha·
1658 4365 1660 4370 ’

504 4478 530 4514 ‚r
543 4453 660 4508 ventus
684 4444 903 4516 ..antichristi
948 4451 1011 4520 erit
1062 4475 1088 4525 n
1104 4442 1213 4517 raonis
1222 4445 1380 4515 lecerunt
1400 4463 1494 4511 veras
1509 4463 1561 4512 ra·

504 4576 530 4613 ‚‚
544 4540 717 4609 secundum
733 4543 1010 4635 operationemda-
1062 4587 1086 4620 ‚s
1101 4566 1157 4613 nas
1171 4590 1182 4621 ‚
1196 4560 1340 4614 etveros
1357 4556 1567 4628 serpentes..

505 4673 531 4711 ,,
547 4647 627 4702 tana
649 4634 787 4707 inomni
801 4639 950 4721 virtute,
976 4656 1009 4711 et
1062 4640 1180 4719 „Non
1194 4657 1304 4709 tamen
1320 4635 1490 4705 habebunt
1507 4659 1569 4707 ves

506 4774 532 4808 „
546 4730 672 4820 signis,
699 4751 731 4804 et
740 4736 902 4828 prodigiis
928 4759 1015 4807 mera
1063 4778 1089 4813 „
1104 4759 1173 4805 ram
1202 4732 1363 4805 rationem
1383 4731 1534 4805 miraculi
1550 4781 1567 4816 ,

506 4873 532 4908 ω
548 4825 679 4896 dacibus
696 4878 706 4898 .
732 4833 774 4900 Et
789 4830 875 4903 sicut
889 4834 1011 4920 Augo-
1063 4875 1087 4909 2,
1102 4832 1182 4922 quia
1198 4833 1277 4903 fient
1291 4829 1418 4900 virtute
1433 4846 1566 4901 natura·

507 4971 533 5011 η
548 4926 654 5000 stinus
669 4926 752 5001 dicit
766 4953 822 4999 xx.
850 4933 892 5000 de
910 4931 1012 5002 civi·
1064 4972 1089 5007 ‚2
1105 4928 1405 5011 liumssausaturn,
1432 4926 1567 5009 sicuti»
