4284 6125
842 862 1247 920 exscreatio
1503 863 1589 945 423

532 953 667 1039 buisse
688 982 834 1087 panem
855 954 1111 1052 intinctum,
1145 956 1223 1040 nist
1214 956 1389 1065 Judae3
1412 982 1591 1087 excepto

527 1073 722 1188 populo,
755 1072 822 1159 cui
858 1073 1042 1160 intincto
1102 1102 1209 1188 pane
1241 1105 1325 1159 uon
1371 1074 1592 1161 auctorita·

529 1215 609 1292 te,
640 1194 720 1279 sed
748 1192 996 1280 necessitate
1038 1221 1196 1280 summa
1226 1189 1402 1277 timoris.
1418 1187 1593 1307 Sangui·

532 1311 599 1398 rtis
634 1310 794 1397 Christi
829 1310 1088 1399 effusionis
1082 1309 1354 1424 permittitur
1406 1338 1594 1399 commu·

532 1430 702 1517 nitate.
739 1410 875 1517 Vel
844 1459 937 1518 stc:
969 1432 1098 1547 Quod
1135 1454 1271 1517 autem
1297 1428 1498 1515 Sacerdos
1519 1427 1594 1515 tri·

530 1535 817 1663 palticipalem
836 1547 971 1636 facere
989 1551 1096 1636 solet
1113 1547 1391 1645 fractionem,
1408 1569 1450 1633 et
1468 1577 1595 1637 unam

518 1692 690 1781 partem
708 1671 914 1768 dextera,
943 1671 1129 1756 alteram
1140 1680 1245 1756 vero'
1269 1667 1439 1753 sinistra
1467 1695 1593 1754 mauu

530 1785 740 1886 sustinet,
765 1811 815 1874 et
835 1785 998 1874 tertiam
1015 1788 1058 1872 iu
1078 1787 1219 1877 calicis
1245 1786 1374 1873 fundo
1393 1783 1593 1896 deponit,-

530 1907 609 1992 hoc
630 1905 751 1991 habet
776 1906 971 2017 mysterii
992 1969 1006 2009 ,
1036 1908 1150 2021 quod
1171 1937 1250 1993 una
1281 1936 1382 2040 pars
1396 1902 1591 2016 corporis

526 2023 725 2112 Ecclesiae
758 2055 779 2111 a
813 2054 998 2139 corpore
1032 2036 1155 2112 exuta
1174 2084 1188 2124 ,
1218 2023 1364 2111 laeta
1352 2051 1434 2134 ,arn
1467 2023 1592 2135 plena

526 2168 795 2255 peccatorum
819 2175 990 2232 snorum
1027 2142 1455 2258 recompensatione,
1484 2142 1590 2229 adeo

524 2286 574 2345 ut
600 2263 703 2351 nihil
738 2287 948 2378 superstet
977 2263 1230 2378 expiandum
1262 2261 1588 2376 aliqua-poena.

524 2400 731 2494 tamquam
760 2381 803 2466 in
818 2385 1034 2470 dexteram
1054 2378 1332 2470 beatitudinis
1338 2390 1501 2509 partem
1518 2380 1589 2465 de·

520 2523 688 2610 portata
716 2499 982 2587 visioneDei
1014 2497 1179 2635 plenius
1208 2498 1436 2590 delectatur
1457 2526 1585 2634 qquae

518 2644 615 2727 pars
633 2648 707 2731 per
725 2646 959 2735 eam,quae
956 2644 1130 2708 tenetur
1156 2618 1214 2706 in
1210 2621 1387 2709 dextera
1407 2680 1423 2720 ,
1454 2616 1583 2732 sigui·

519 2736 663 2820 ficatur
689 2737 1028 2873 portiunculam
1062 2743 1142 2825 Per
1167 2738 1322 2838 illams
1318 2768 1439 2852 quae
1467 2760 1585 2821 terte·

519 2877 587 2938 tur
609 2853 653 2939 in
672 2856 840 2945 sinistra
871 2914 885 2957 ,
916 2855 1245 3001 designaturilla
1259 2888 1354 2971 pars
1374 2850 1585 2953 fideliums

516 2999 613 3082 quae
638 2975 808 3110 quidem
840 2994 924 3062 est
935 3005 1058 3065 exuta
1090 3004 1246 3077 carne,
1278 2978 1364 3065 secl
1382 2974 1479 3090 quia
1498 3000 1580 3086 pro

513 3094 700 3203 peccatis
730 3099 863 3183 adhoc
896 3119 1026 3182 restat
1057 3098 1194 3230 aliqua
1219 3093 1442 3208 expiatio,
1475 3122 1581 3178 oona

513 3212 613 3294 dum
648 3217 696 3299 ad
714 3218 946 3301 dexteram
958 3213 1234 3304 beatitudiuis
1251 3230 1495 3328 partemest
1510 3211 1581 3296 ad·

512 3356 707 3444 sumpta
743 3340 866 3454 Quae
873 3333 1048 3421 veroin
1083 3334 1216 3422 fundo
1234 3333 1376 3422 calicis
1408 3354 1579 3419 tenetur

510 3449 736 3564 deposita,
768 3452 973 3569 significat
991 3482 1101 3553 eos,
1135 3458 1206 3568 qui
1240 3456 1428 3540 nondum
1461 3448 1578 3536 exuti

510 3595 681 3656 acarne
712 3570 893 3658 miseriis
935 3569 1054 3677 hujus
1091 3571 1255 3661 seculi
1269 3594 1467 3658 tenentur
1500 3570 1579 3652 im·

511 3686 683 3797 pliciti;
715 3718 815 3824 post
843 3691 946 3776 hanc
975 3715 1111 3778 tamen
1139 3694 1264 3777 vitam
1285 3696 1334 3775 ad
1355 3686 1580 3776 beatitudis

511 3801 578 3886 nis
609 3812 796 3921 requiem
819 3808 1062 3895 transituri.
1067 3810 1267 3943 Corpus
1287 3811 1462 3895 Domini
1488 3826 1576 3890 non

510 3921 638 4009 debet
664 3928 936 4025 consectari,
968 3927 1049 4015 uisi
1067 3924 1118 4012 in
1139 3959 1279 4045 panno
1299 3929 1445 4026 lineo,
1476 3923 1576 4036 quia

498 4059 666 4155 ‚corpus
695 4046 783 4162 ejus
818 4047 955 4132 linteis
991 4048 1158 4164 ligatum
1194 4073 1430 4144 narratur.
1474 4041 1575 4128 tina

511 4173 624 4244 teum
653 4192 750 4250 sane
778 4194 834 4251 ex
850 4162 940 4249 lrno
967 4167 1014 4252 fit
1040 4225 1055 4263 ,
1083 4166 1215 4268 linum
1240 4195 1344 4252 vero
1381 4193 1432 4248 ex
1460 4188 1575 4274 terra

510 4278 724 4383 nascitur,
753 4310 795 4370 et
828 4313 924 4374 cum
956 4280 1075 4404 gravi
1105 4286 1333 4490 labqqedad
1343 4263 1575 4374 candorem

1300 4428 1332 4515 4
