4284 6125
560 1306 647 1393 412
796 1298 1058 1370 osvmosust
1091 1294 1374 1359 oaeictosuss

558 1396 682 1509 leluja
704 1393 747 1482 in
779 1395 944 1483 festivis
973 1394 1120 1478 diebus
1138 1392 1347 1507 pulpitum
1367 1390 1623 1497 ascendant3

558 1520 714 1602 debent
757 1517 869 1600 enim
901 1518 1092 1599 Pastores
1121 1570 1136 1609 ,
1167 1529 1208 1595 et
1234 1511 1449 1597 Doctores
1472 1512 1626 1624 praedi·

557 1636 768 1722 cntionem
814 1663 929 1720 suam
976 1634 1158 1715 exaitare
1202 1654 1245 1715 et
1293 1656 1426 1745 opera
1464 1630 1514 1713 ad
1563 1628 1626 1715 iu·

557 1756 804 1838 struendum
841 1748 1040 1865 populum
1070 1746 1199 1847 Dei,
1243 1744 1362 1856 juxta
1396 1745 1493 1833 iilud
1519 1748 1622 1862 (1):

554 1872 729 1960 Luceant
750 1902 869 1983 opera
892 1890 1024 1957 vestra
1054 1870 1159 1953 bonu
1195 1896 1332 1953 coram
1368 1864 1625 1965 nominibus,

555 2010 596 2074 et
609 1988 841 2106 glorificent
861 1993 1018 2074 Patren
1037 2008 1210 2073 uestrum
1234 2042 1249 2085 ,
1266 1984 1392 2099 quiin
1413 1984 1531 2073 Caen's
1550 2005 1623 2087 est3

554 2110 665 2192 unde
685 2137 760 2218 per
781 2110 1032 2219 Prophetam
1059 2104 1215 2193 dicitur
1232 2106 1339 2219 (ἡκ
1368 2104 1501 2217 Super
1514 2132 1625 2187 mon·

550 2246 628 2311 tem
652 2228 854 2311 excelsum
874 2230 1043 2313 ascende
1056 2245 1103 2309 tu
1125 2226 1226 2339 ,qui
1239 2221 1497 2341 evangeiipns
1510 2220 1622 2323 Sion;

551 2367 597 2428 ut
620 2344 816 2429 videlicet
839 2344 910 2456 qui
938 2345 1169 2431 caelestium
1204 2338 1511 2456 praedicatione
1545 2338 1624 2425 uti·

554 2486 654 2560 tur,
688 2462 767 2546 insa
789 2461 868 2571 jam
901 2462 1167 2550 terrenorum
1196 2486 1374 2573 opetum
1391 2462 1622 2556 deserens,

545 2578 594 2664 in
618 2610 766 2666 tetum
784 2582 980 2668 :culmine
1014 2605 1124 2666 stare
1160 2576 1386 2677 videatut;
1420 2599 1624 2688 tantoque

549 2694 709 2783 facilius
731 2701 926 2785 subditos
946 2704 994 2789 ad
1025 2695 1198 2785 meiiota
1219 2694 1465 2813 protrahat,
1493 2722 1624 2805 quan·

554 2837 598 2896 to
631 2845 705 2928 per
742 2816 844 2903 vitae
871 2821 1067 2907 meritum
1100 2818 1293 2931 superius
1310 2816 1486 2903 clamat..
1520 2811 1624 2897 Dia·

552 2958 686 3017 conus
706 2965 810 3020 vero
829 2966 925 3023 cum
946 2937 1158 3052 pulpitum
1175 2930 1444 3031 ascenderit,
1473 2932 1622 3017 celsius

552 3053 757 3140 consistat
774 3054 1085 3154 ceroferariis,
1101 3053 1194 3167 quia
1212 3051 1481 3167 Evangeliunt
1501 3048 1622 3135 Chri·

548 3169 605 3257 sti
626 3173 777 3290 Legem
805 3235 819 3278 ,
851 3200 893 3261 et
917 3178 1144 3290 Prophetas
1165 3173 1400 3288 piaeceilit.
1436 3174 1514 3254 Per
1538 3170 1621 3252 thu·

546 3290 675 3378 tibuli
694 3319 957 3409 portatorem
976 3355 990 3395 ,
1023 3297 1095 3406 qui
1115 3297 1263 3378 eodem
1283 3316 1390 3378 statu
1411 3320 1504 3378 cuni
1526 3287 1620 3371 Dia·

548 3437 662 3496 cono
687 3415 883 3498 consistit
908 3473 922 3509 ,
943 3414 1213 3529 designantut
1237 3408 1524 3526 flagrantium
1550 3409 1619 3489 do·

543 3527 681 3614 ctrina
702 3532 811 3613 fidei.
830 3533 883 3631 4·
897 3529 1224 3643 Crucem,quam
1241 3530 1476 3644 incipiente
1488 3528 1618 3610 Euan·

543 3642 657 3758 geiio
690 3643 902 3733 frontibus
953 3648 1437 3764 nostrisintponimus,
1468 3647 1518 3729 ad
1553 3670 1620 3727 ex·

542 3760 755 3874 pellendas
790 3797 938 3853 omnes
956 3797 1102 3879 pravas
1123 3765 1414 3884 suggestiones
1433 3762 1618 3849 facimus.

544 3877 720 3990 Signum
754 3913 857 3969 vero
885 3885 1038 3972 Crucis
1069 3885 1113 3970 in
1139 3886 1356 3971 frontibus
1377 3879 1529 3967 nostris
1548 3883 1644 3974 de-‚

542 3998 614 4124 luet
631 3997 721 4084 fieti
741 4003 987 4117 asuperioti
1011 4029 1129 4116 parte
1159 4007 1207 4088 ud
1230 4003 1472 4090 inferiorem
1493 4028 1505 4095 ;
1541 4024 1621 4106 po·

540 4140 627 4200 stea
649 4118 856 4205 asinistta
890 4124 938 4206 ad
968 4119 1180 4208 dexteram
1207 4186 1217 4206 .
1254 4119 1460 4208 Faciendo
1481 4118 1532 4201 de
1553 4144 1620 4200 su·

534 4234 781 4345 potioribus
800 4242 849 4323 ad
866 4237 947 4324 ima
969 4301 982 4340 ‚
1013 4241 1258 4355 designatur
1282 4303 1295 4340 ‚
1314 4239 1532 4326 Christum
1550 4236 1621 4318 de·

536 4378 738 4473 sursum,
773 4360 851 4444 boc
886 4385 949 4444 est
978 4419 991 4458 ‚
1023 4364 1075 4445 de
1106 4359 1203 4445 sinu
1226 4361 1360 4445 Patris
1389 4360 1431 4443 in
1463 4377 1620 4437 terram

532 4469 830 4562 descendisse.
861 4480 989 4596 Quod
1015 4508 1120 4563 vero
1138 4483 1189 4564 de
1212 4477 1384 4564 sinistra
1408 4477 1457 4588 ad
1478 4477 1621 4557 dexte-

534 4589 623 4714 rum
641 4588 844 4699 facimus,
877 4601 1082 4717 figuratur
1100 4597 1343 4698 Christus,
1375 4595 1475 4712 quia
1506 4609 1621 4712 postt

551 4858 747 4965 (timoth.
759 4882 796 4936 v·
819 4860 878 4934 16.
894 4811 897 4816 Ι
1066 4861 1120 4951 (α)
1140 4858 1211 4929 [ss.
1228 4879 1282 4928 xc.
1298 4875 1336 4949 9.
