4284 6125
520 1371 789 1433 momontum
821 1366 1106 1434 oeetcronnnt

440 1490 487 1548 im
508 1493 603 1551 eum
625 1529 635 1550 .
654 1464 844 1552 Audiens
862 1490 1000 1551 autem
1022 1460 1245 1580 benignam
1260 1492 1352 1553 me·

440 1581 473 1671 it
510 1584 712 1695 adjutoris
745 1583 808 1670 sui
843 1580 1171 1699 promissionem
1207 1645 1222 1685 ,
1254 1606 1355 1675 orat

440 1731 511 1803 ιο,
548 1728 628 1803 ut,
664 1704 779 1818 quod
798 1702 941 1818 petit,
969 1703 1160 1793 obtineat
1176 1702 1353 1794 dicens:
1377 1697 1381 1709 ’

449 1823 521 1938 qui
546 1823 765 1913 Ecclesiam
782 1843 896 1910 tuam
927 1854 1066 1912 annun
1086 1825 1356 1946 quadragesi·

440 1943 663 2031 servatione
670 1938 889 2060 purificas.
910 1942 1079 2061 Quibus
1093 1967 1238 2031 antem
1251 1972 1357 2061 ope·

440 2063 543 2148 aient
578 2060 734 2176 exequi
772 2061 888 2175 quod
921 2059 1131 2149 desiderat
1151 2123 1166 2163 ,
1188 2061 1358 2152 scilicet

441 2246 444 2263 ,
475 2182 526 2267 de
559 2182 847 2278 vulneribus,
888 2201 932 2265 et
957 2178 1184 2269 victoriam
1201 2185 1255 2269 de
1270 2181 1357 2271 ini-

446 2329 498 2386 ex
528 2329 635 2389 voce
652 2298 856 2416 Apostoli
890 2297 1087 2401 indicat,
1124 2331 1220 2390 tum
1248 2299 1357 2390 dici·

449 2422 711 2508 :Hortamur
725 2449 831 2519 nos,
855 2448 907 2504 ne
919 2417 962 2506 in
986 2450 1159 2510 vacnum
1169 2422 1354 2561 gratiam

440 2539 607 2653 ipintis.
642 2542 700 2625 Et
735 2534 844 2627 infra
871 2540 980 2658 (2):
1013 2539 1182 2628 Nemini
1208 2546 1357 2632 dantes

440 2658 704 2773 derisionem.
737 2658 805 2748 Ne
850 2682 989 2745 autem
1017 2657 1126 2745 inter
1164 2681 1232 2745 tot
1248 2663 1358 2751 duta

440 2807 602 2879 essens,
640 2778 901 2894 aliquatenus
924 2780 976 2864 de
996 2777 1081 2866 Dei
1100 2776 1256 2867 auxilio
1274 2781 1356 2865 du·

440 2956 453 2996 ,
484 2898 700 2986 continuo
718 2901 767 2984 ad
788 2899 1079 2986 roborandum
1095 2895 1230 3013 ipsunt
1254 2927 1354 2982 can·

440 3016 600 3137 Angelis
614 3017 701 3107 suis
717 3017 952 3121 mondavit;
971 3015 1088 3133 quasi
1115 3013 1353 3104 firmissime

440 3202 444 3227 .
464 3136 507 3225 ἃ
530 3138 759 3226 nullatenus
780 3137 977 3238 dubites,
994 3137 1028 3224 si
1047 3139 1239 3253 quadum
1257 3166 1356 3222 sen·

440 3257 529 3371 quia
556 3259 709 3377 Angeli
732 3287 772 3343 te
794 3258 1003 3364 juvabunt
1024 3289 1037 3361 3
1066 3258 1352 3373 scriptumest

447 3379 499 3495 ):
538 3379 712 3499 Angelis
737 3378 823 3465 sois
855 3378 1064 3464 mondavit
1081 3383 1132 3463 de
1148 3400 1218 3478 te;
1255 3376 1352 3489 ipse

444 3521 605 3613 roteget
631 3522 705 3600 te,
738 3497 772 3583 si
809 3496 853 3583 in
888 3526 940 3583 eo
976 3496 1159 3582 confisus
1190 3493 1355 3595 fueris,

440 3612 519 3719 ραι·
535 3619 607 3730 (4)
626 3618 783 3705 habitet
814 3616 855 3702 in
890 3614 1096 3730 adjutorio
1118 3613 1351 3711 Altissinti,

440 3732 581 3819 ectione
613 3737 688 3822 Dei
716 3737 805 3825 caeli
843 3736 1192 3826 commorabitur.
1232 3732 1352 3852 Quid

440 3852 472 3937 le
503 3852 658 3942 auxilio
693 3856 994 3975 Angelorum,
1038 3852 1080 3941 ἃ
1105 3853 1186 3939 Dei
1207 3877 1352 3968 prote·

443 4000 762 4089 consequatur,
792 3975 933 4064 statim
970 3971 1133 4060 Christi
1153 3969 1351 4083 exemplo

440 4119 524 4204 stur
554 4155 568 4196 ,
604 4126 698 4185 com
724 4095 913 4183 dicitur:
945 4094 1104 4181 Ductus
1122 4093 1195 4207 (5)
1206 4111 1266 4178 est
1282 4091 1352 4200 Je-

440 4232 480 4310 t,
517 4213 626 4302 sicut
646 4214 844 4303 Christus
867 4214 940 4333 (6)
957 4213 1039 4298 Dei
1058 4211 1210 4298 auxilio
1236 4206 1351 4297 vicit

441 4359 582 4432 nem,
616 4332 660 4420 dt
695 4334 882 4447 Angelos
914 4333 1132 4420 ministros
1169 4327 1350 4431 habuit,

440 4475 517 4535 tet
534 4450 612 4537 iste
642 4452 694 4538 de
713 4452 869 4538 auxilio
896 4452 979 4538 Dei
1010 4450 1227 4537 confidens
1252 4476 1353 4555 spe·

464 4568 746 4659 tentationem
774 4570 946 4662 vincere
981 4598 1104 4689 posse
1137 4629 1153 4670 ,
1189 4563 1354 4667 &Aug

440 4747 514 4816 lor.
526 4772 586 4822 vn.
606 4772 642 4826 ι.
853 4763 906 4847 (4)
923 4752 1012 4821 ibid.
1030 4742 1110 4821 ver}
1127 4775 1158 4822 ι.

441 4892 452 4909 .
470 4867 544 4915 ver.
561 4865 597 4933 3.
851 4860 905 4939 (5)
924 4848 1044 4917 Matth.
1065 4870 1119 4919 lv.
1135 4872 1173 4943 Ιι.

440 4962 524 5015 ac·
541 4959 603 5031 ug
850 4954 905 5043 (6)
924 4944 1111 5026 Uthomo.
