4284 6125
691 899 695 904 ,
724 895 740 903 ι.
925 905 935 911 -

1273 931 1314 940 ...μ
1344 927 1346 931 ¹

502 1163 506 1170 =

565 1323 651 1438 138
798 1346 1066 1408 nsvsuottum
1098 1341 1382 1408 oenomaum

563 1434 860 1556 Gregorius(
868 1441 920 1556 )
954 1437 1064 1524 sicut
1100 1434 1191 1553 ipse
1229 1463 1437 1538 testatur,
1470 1469 1624 1531 conse·

561 1559 860 1652 crnvitRomae
878 1562 1096 1673 quamdam
1108 1560 1336 1647 Ecclesiam
1352 1559 1396 1644 in
1411 1559 1620 1665 Subutra,

582 1779 636 1865 (1)
657 1775 692 1846 S.
706 1775 899 1870 Gregorius
916 1776 1059 1869 Magnus
1108 1823 1134 1859 ‚,
1149 1799 1278 1858 omnes,
1292 1799 1354 1868 per
1368 1799 1452 1869 quos
1467 1768 1614 1863 transiin

555 1873 740 1969 Dialogor.
756 1873 1057 1966 lib.1rl.cap.xxx.
1109 1920 1135 1959 ‚,
1153 1875 1185 1946 in
1199 1874 1456 1947 admirationem
1468 1899 1619 1948 commo·

555 1972 713 2068 frondi.
740 1972 922 2064 col.341.„
949 1970 1062 2043 Attia·
1109 1972 1224 2055 „vite
1245 1974 1303 2044 sed
1331 1970 1442 2043 videri
1475 1973 1615 2046 anullo

554 2125 582 2164 „
597 2097 717 2147 norum
734 2071 884 2144 Ecclesia
898 2068 930 2142 in
945 2068 1060 2161 regio·
1111 2116 1135 2151 ,‚
1151 2072 1290 2164 potuit,
1322 2070 1477 2162 quamvis
1496 2071 1614 2145 sentiri

555 2225 582 2262 ‚,
600 2197 641 2246 ne
656 2169 750 2242 urbis
766 2171 889 2253 huius,
912 2189 986 2260 quac
1000 2167 1056 2237 Su·
1105 2215 1129 2249 ,‚
1146 2167 1334 2259 potuisset.
1363 2167 1468 2262 Qiod
1482 2169 1612 2242 idcirco

553 2318 581 2358 „
596 2275 698 2344 burra
713 2267 862 2352 dicitur,
878 2263 1055 2338 cumclau·
1105 2265 1263 2348 „divina
1288 2265 1398 2357 pietas
1425 2268 1574 2339 ostendit
1598 2318 1610 2354 ,

553 2388 751 2460 „sausque
776 2381 853 2438 ante
882 2361 1056 2437 biennium
1108 2382 1187 2444 „ut
1216 2363 1346 2437 cunctis
1388 2382 1609 2458 patesceret,

551 2463 832 2579 „remansisset,
849 2461 1002 2554 placuit,
1017 2479 1056 2533 ut
1105 2461 1557 2555 „quiadelocoeodem
1548 2487 1611 2536 un-

549 2615 578 2652 „
591 2562 627 2636 in
643 2565 708 2635 fide
724 2559 929 2641 Catholicn,
947 2558 1054 2630 intro·
1104 2604 1129 2641 n
1148 2558 1606 2634 mundushabitatorexiret.

551 2660 705 2750 „ductis
732 2658 804 2731 illic
829 2658 924 2730 Beati
954 2658 1054 2728 Seba·
1102 2656 1328 2738 „Peracta
1319 2656 1425 2751 igitur
1455 2656 1608 2732 celebra-

549 2809 577 2849 „
591 2756 709 2839 stiani,
723 2774 756 2828 et
770 2759 899 2829 Sanctae
914 2757 1054 2848 Agathae
1104 2801 1129 2836 ,2
1149 2755 1243 2828 tione
1260 2757 1443 2828 Missurum
1470 2758 1608 2828 recessi·

548 2888 575 2943 ‚·,
590 2874 779 2951 martyrum
795 2854 948 2948 reliquiis
963 2903 974 2936 ‚
992 2856 1053 2925 de·
1103 2900 1128 2936 „
1144 2879 1229 2938 mus;
1243 2855 1301 2925 sed
1316 2855 1424 2924 adhuc
1438 2871 1536 2924 nocte
1551 2879 1606 2927 ea·

549 3001 576 3040 ‚,
590 2952 698 3027 dicari
726 2953 928 3038 debuisser3
956 2954 1050 3046 quod
1101 2999 1125 3033 „
1145 2955 1221 3025 dem
1245 2975 1407 3064 magnus·
1401 2951 1433 3021 in
1450 2954 1601 3035 eiusdem

546 3053 711 3142 „factum
738 3071 825 3124 est
850 3052 938 3126 Nam
971 3076 1048 3124 cum
1099 3097 1125 3133 „
1143 3048 1301 3124 Ecclesiae
1328 3048 1424 3123 tectis
1441 3050 1609 3166 strepitus·

545 3202 571 3240 „
589 3176 721 3266 magna
729 3150 847 3248 populi
867 3149 1053 3223 multitudi·
1101 3196 1126 3231 ,.
1145 3148 1252 3221 iactus
1274 3168 1350 3230 est,
1381 3172 1419 3218 ac
1450 3148 1476 3219 si
1494 3150 1603 3222 ineis

543 3301 571 3338 ,,
588 3277 629 3324 ne
643 3247 841 3333 venientes,
861 3269 961 3345 atque
978 3273 1051 3322 om·
1101 3246 1261 3342 „aliquis
1289 3248 1431 3320 errando
1472 3247 1603 3320 discur-

541 3400 570 3435 ,,
583 3351 759 3443 tripotenti
790 3351 946 3425 Domino
978 3347 1051 3420 lau·
1100 3363 1259 3429 ‚,reret.
1300 3345 1459 3440 Sequenti
1487 3366 1600 3419 autem

543 3451 643 3532 „des
672 3466 825 3521 canentes
853 3498 864 3532 ,
895 3451 1048 3521 eamdem
1099 3494 1125 3531 ‚,
1141 3465 1240 3519 nocte
1256 3467 1394 3539 gravior
1405 3463 1534 3515 sonitus
1550 3470 1602 3517 ex·

543 3542 770 3626 „Ecclesiam
812 3544 952 3637 ingressi
994 3569 1049 3615 su·
1098 3590 1123 3625 „
1139 3544 1360 3615 crevitecum
1377 3542 1490 3613 subito
1506 3561 1599 3613 tanto

542 3686 569 3724 „
584 3660 682 3716 mus3
702 3662 853 3727 cumque
881 3641 913 3707 in
929 3642 1046 3718 eninm
1097 3658 1269 3719 „terrore
1299 3638 1472 3715 insonuit,
1499 3661 1536 3706 ac
1568 3638 1596 3704 si

540 3784 567 3822 2,
587 3732 766 3807 Missurum
783 3730 945 3803 solemnia
957 3731 1049 3801 cele·
1097 3779 1122 3815 „
1137 3734 1246 3803 omnis
1261 3730 1476 3802 illaEcclesia
1491 3756 1508 3801 a
1523 3731 1597 3801 fun-

542 3885 567 3921 „
582 3835 784 3911 murentur,
812 3845 847 3900 et
872 3836 942 3922 prae
960 3831 1048 3911 eius·
1097 3877 1121 3913 „
1137 3828 1301 3903 dementis
1317 3828 1434 3900 luisset
1454 3851 1593 3899 eversa:

540 3965 567 4016 .·,
583 3934 663 4002 dem
680 3928 743 4000 loci
758 3927 911 4021 angustia
925 3926 1043 4020 populi
1096 3975 1121 4011 „
1137 3946 1171 3999 et
1224 3925 1354 3999 rotinus
1369 3927 1530 4009 recessit,
1560 3948 1594 4000 et

537 4050 617 4121 „se
650 4028 748 4098 turba
776 4025 1043 4118 comprimeret,
1092 3951 1227 4110 „nulli
1255 4024 1327 4097 illic
1371 4023 1513 4096 ulterius
1544 4027 1594 4096 in-

535 4139 565 4215 ,3
579 4126 717 4221 quidam
732 4150 774 4199 ex
789 4123 860 4205 his,
876 4123 934 4218 qui
948 4141 1044 4197 extra
1092 4172 1117 4208 „
1136 4123 1330 4220 quietitudo
1345 4123 1473 4214 antiqui
1488 4124 1593 4195 hostis

537 4223 761 4313 „sacrarium
779 4224 935 4303 stabant,
964 4245 1044 4312 por·
1091 4270 1119 4305 „
1136 4224 1316 4317 apparuit3
1336 4223 1392 4295 sed
1408 4246 1469 4313 pet
1483 4240 1593 4293 terro·

534 4366 562 4412 „
578 4345 655 4393 cum
671 4322 784 4393 subito
800 4320 886 4393 intra
899 4342 978 4392 suos
992 4343 1046 4412 pe·
1093 4367 1118 4403 „
1135 4322 1180 4395 ris
1194 4321 1365 4402 sonitum,
1382 4342 1482 4411 quem
1497 4320 1600 4401 fecit,

535 4469 561 4507 „
578 4421 637 4491 des
654 4422 731 4501 huc,
748 4417 898 4512 illucque
913 4418 1044 4489 discur-
1094 4466 1118 4504 „
1135 4419 1306 4502 innotuit,
1336 4443 1354 4489 a
1372 4416 1470 4500 loco,
1491 4442 1599 4512 quem.

533 4558 561 4605 ,5
576 4516 652 4590 rere
683 4536 859 4589 senserunt
883 4565 894 4590 .
924 4514 1040 4608 Quem
1092 4563 1116 4601 2,
1133 4518 1192 4596 diu
1206 4535 1383 4596 tenuerat,
1399 4540 1497 4609 quam
1514 4540 1593 4587 coa-

531 4664 559 4702 22
573 4618 655 4689 dum
680 4615 908 4709 unusquisque
935 4615 1040 4686 senti·
1091 4664 1115 4704 ‚,
1130 4636 1204 4693 ctus
1225 4615 1448 4690 exibat.Post
1464 4636 1593 4708 paucos

530 4751 558 4804 ,5
572 4732 626 4785 ret
643 4762 654 4796 ‚
669 4732 703 4785 et
716 4717 810 4797 lurra
825 4737 859 4784 se
874 4714 1039 4785 stantibus
1089 4762 1113 4799 „
1128 4739 1213 4787 vero
1233 4716 1303 4786 dies
1322 4715 1353 4784 in
1370 4739 1489 4808 magna
1504 4734 1594 4784 sere-

529 4810 734 4903 „indicaret
750 4861 761 4892 ,
777 4832 780 4835 ·
794 4812 883 4884 idem
911 4833 1037 4905 porcus
1086 4861 1111 4896 „
1131 4814 1235 4885 nitate
1250 4811 1336 4884 aeris
1347 4836 1474 4905 „super
1486 4811 1599 4883 altare

527 4906 859 5004 „Ecclesiaejanuns
871 4908 986 5005 petiit,
999 4929 1035 4988 et
1083 4952 1109 4996 „
1125 4914 1276 4999 ejusdem
1294 4910 1465 4987 Ecclesia.
1482 4913 1586 5001 nulsee
