4284 6125
601 1330 693 1469 468
839 1364 1101 1443 nrvrtrortntr
1132 1364 1416 1439 nrrrnrotttnt
1502 1340 1516 1355 ⁴

604 1464 862 1573 auctoritas:
892 1470 938 1558 in
965 1482 1050 1587 q'no
1065 1468 1150 1557 Dei
1172 1468 1314 1570 filine,
1344 1464 1422 1584 qni
1436 1458 1673 1555 arnoni·

601 1610 679 1676 nur
705 1602 881 1691 natura,
914 1614 956 1676 et
973 1590 1215 1677 dominator
1249 1608 1590 1688 remanentne
1613 1604 1673 1673 ert

601 1708 756 1794 habere
775 1734 947 1826 regnum
966 1732 1038 1810 ,et
1057 1724 1341 1824 potestatem,
1373 1726 1419 1791 et
1447 1702 1674 1819 imperinm

601 1828 728 1943 'super
745 1829 912 1916 omnia.
947 1830 1003 1914 Et
1026 1825 1070 1915 in
1088 1828 1229 1939 Judaea
1249 1828 1548 1939 Redemptore·
1560 1844 1676 1925 neto.

597 1944 787 2062 Angelus
808 1947 882 2065 (r)
900 1948 1146 2061 pastoribus
1160 1936 1382 2062 apparuit,
1406 1963 1448 2028 et
1466 1942 1517 2027 nd
1535 1939 1673 2059 ipsunt

600 2062 858 2151 adorandum
889 2068 939 2151 ab
960 2060 1142 2155 Oriente
1168 2064 1321 2183 Magon
1349 2056 1673 2177 non-Angelus,

602 2184 676 2271 ¹ted
708 2182 823 2269 steila
851 2181 1085 2297 perduxit,
1123 2180 1222 2297 qnia
1254 2179 1453 2271 videlicet
1483 2178 1674 2291 letitie,

600 2319 810 2415 tamquam
827 2302 992 2391 ratione
1006 2338 1010 2347 ¹
1022 2302 1239 2388 utentibus
1258 2296 1473 2415 retinnaie·
1488 2296 1674 2400 animuin

600 2404 683 2509 boc
701 2442 790 2520 est,
805 2418 992 2541 Angelus¹
1008 2418 1242 2537 predicere
1264 2416 1446 2507 debuitr
1481 2414 1673 2505 Gentiles

598 2564 710 2624 vero
730 2594 745 2636 ,
770 2538 867 2654 qnia
885 2539 949 2628 uti
973 2538 1140 2630 ratione
1158 2532 1431 2637 nesciebant,
1447 2534 1501 2623 nd
1518 2558 1674 2655 cogno·-

601 2656 802 2744 scendun
822 2656 1166 2747 Dominnm'non
1181 2684 1257 2775 per
1276 2682 1463 2758 vocem,
1494 2656 1584 2741 ted·
1598 2678 1672 2769 per

600 2770 718 2889 'signa
735 2778 1023 2889 perducuntur
1042 2807 1057 2864 r
1076 2774 1179 2897 Qui
1210 2777 1353 2862 endem
1369 2772 1441 2861 die
1467 2770 1669 2889 primitie

600 2888 805 2979 Gentium
826 2894 1039 2986 humiliter
1056 2906 1268 3001 venerunt
1288 2918 1499 3008 quaerere,
1517 2914 1563 2977 et
1576 2893 1671 2979 adn

597 3014 694 3098 rate
715 3011 900 3125 mysticis
921 3015 1184 3114 muneribus,
1198 3012 1333 3130 iprum
1350 3014 1498 3098 'verirrn
1514 3008 1670 3111 Dentri,

594 3153 645 3218 et
672 3157 819 3218 verunt
851 3132 1065 3224 hominem
1099 3135 1387 3231 confitenter,
1418 3154 1461 3215 et
1496 3157 1666 3247 regern.

598 3247 766 3338 Aurum
784 3254 858 3371 (n)
874 3253 1033 3371 quippe
1053 3251 1162 3373 Regi
1180 3250 1383 3341 convenit
1401 3308 1416 3347 ,
1435 3247 1533 3336 thur
1570 3273 1668 3334 vern

596 3365 644 3456 in
672 3366 756 3457 Dei
776 3372 1026 3461 sacrificium
1043 3376 1308 3488 ponebatur,
1334 3368 1503 3481 myrrha
1531 3392 1666 3454 nutent

598 3508 867 3580 mortuorunt
902 3519 1086 3604 corpora
1104 3488 1358 3608 condiuntur
1379 3550 1389 3571 .
1415 3485 1509 3573 Nos
1527 3484 1667 3599 itaque

597 3620 703 3688 nato
722 3603 915 3694 Domino
949 3609 1173 3700 offerantur
1189 3601 1366 3707 aurnm',
1383 3629 1431 3691 ut
1448 3605 1560 3693 hunc
1580 3603 1668 3692 ubi·

598 3745 684 3834 qne
720 3748 893 3839 regnare
926 3722 1159 3818 fateamur:
1190 3725 1427 3817 Offeramus
1462 3724 1591 3824 thus,
1621 3745 1666 3814 ut

587 3837 815 3931 credamus
832 3904 848 3947 ,
865 3847 980 3960 qnod
1001 3846 1037 3937 ir
1055 3848 1163 3962 ,nui
1184 3846 1228 3933 i'n
1247 3870 1439 3957 tempore
1458 3841 1669 3957 nppnrnit,

594 3951 716 4040 Dens
743 3984 839 4050 ante
870 3988 1060 4079 tempora
1093 3961 1265 4054 extitit:
1295 3961 1535 4052 Offeramus
1556 3987 1667 4071 myr-

565 4153 567 4158 .
588 4072 713 4159 'rhem
733 4103 810 4175 ,ut
827 4108 939 4180 enrn,
959 4112 1083 4196 quem
1100 4082 1309 4174 credimus
1341 4078 1386 4166 in
1405 4109 1479 4168 sna
1494 4075 1669 4164 Divini-

570 4217 573 4222 ’
595 4209 688 4276 tate
709 4193 1040 4309 impassibilem,
1077 4205 1291 4293 credemur
1310 4197 1437 4285 etiam
1464 4195 1670 4285 innostra

592 4304 724 4398 fuisse
741 4344 866 4402 carne
886 4323 1129 4407 mortalem.
1151 4321 1232 4411 Vei
1249 4318 1370 4406 aliter
1390 4350 1402 4402 e
1420 4320 1544 4403 Auro
1558 4345 1667 4401 narn·

597 4453 681 4542 que
699 4431 914 4550 Sapientia
931 4437 1202 4560 designatur,
1220 4438 1389 4528 dicente
1406 4435 1633 4525 Salomone
1652 4460 1666 4519 r

623 4637 679 4744 (1)
698 4636 829 4711 Similia
843 4643 943 4715 habet
969 4647 1105 4718 S.Gre·
1154 4652 1208 4740 (2)
1235 4645 1367 4718 Confer
1378 4642 1539 4716 eumdem
1550 4639 1668 4712 &Gre-

595 4749 716 4896 fimus
746 4735 887 4831 Magnus
915 4749 955 4812 In
970 4752 1102 4838 Evang.
1151 4741 1287 4840 gnriurn
1302 4737 1510 4817 linarii-cit·
1527 4740 1666 4862 munti·

624 4828 1101 4932 b.1.Honril.x.n.1.Tom.²1.
1149 4842 1333 4939 eol.t470·

467 4965 474 4980 ·
598 4922 666 4997 toi.
685 4931 791 5027 1468.
1140 4951 1144 4960 '
