4284 6125
524 1251 667 1429 llll.
704 1248 1438 1458 nlllllp'lllllsslzlm...
1469 1343 1617 1436 nn,

526 1466 751 1573 Vespere,
782 1458 992 1549 Sacerdos
1011 1461 1128 1550 finiat
1150 1462 1350 1565 Missum,
1367 1462 1413 1553 ἃ
1430 1465 1492 1555 lte
1506 1466 1616 1555 Μι-

523 1612 569 1666 ro
588 1577 833 1666 medicatur
855 1642 868 1665 .
1296 1580 1303 1641 r·

641 1700 687 1785 ln
706 1698 796 1812 ipsa
813 1696 939 1786 etiarn
956 1698 1026 1787 die
1048 1701 1099 1787 ud
1123 1700 1340 1815 Vesperts
1357 1701 1551 1819 pergitur
1564 1704 1616 1789 ud

523 1820 679 1904 Fontes
698 1819 804 1936 (1);
835 1816 982 1931 ibique
998 1817 1117 1906 dicto
1138 1819 1342 1907 Gruduuli
1363 1820 1456 1907 sine
1488 1852 1617 1911 versu

525 1934 686 2025 Clerici
706 1961 875 2023 cantant
893 1938 1076 2051 Allelujo
1091 1971 1108 2025 ε
1126 1936 1312 2053 Allelujo
1328 1939 1442 2025 enim
1460 1938 1507 2029 iu
1528 1938 1618 2027 lati·

526 2086 629 2143 num
668 2055 879 2171 significat
920 2056 1247 2159 laudare,·sive
1273 2058 1513 2177 εἰωῂἱοανε
1529 2060 1618 2151 Du·

523 2176 672 2262 minum
690 2207 730 2260 tn
749 2207 875 2263 unum
895 2238 908 2259 .
1243 2252 1250 2263 .

613 2298 690 2379 Per
712 2293 969 2410 Baptismurn
990 2324 1188 2411 namque,
1205 2296 1320 2411 quod
1339 2294 1387 2383 iu
1409 2294 1536 2399 fonte
1550 2326 1619 2387 tu·

525 2416 770 2529 ecepimus,
797 2416 849 2499 ad
869 2419 1031 2502 bonum
1051 2444 1193 2531 opus,
1211 2443 1287 2533 per
1310 2418 1424 2529 quod
1440 2444 1620 2535 respuu-

524 2563 615 2620 snm
633 2534 920 2649 exprimitur,
939 2533 1253 2652 perveniemus
1271 2595 1282 2620 .
1300 2532 1484 2631 Versum
1498 2532 1619 2625 enim

523 2655 719 2767 responsi
741 2676 922 2769 propter
941 2652 1095 2741 nullam
1124 2648 1511 2773 significationem,
1545 2654 1620 2743 ted

524 2795 704 2887 propter
747 2773 884 2859 solum
922 2770 1140 2861 fastidium
1188 2770 1478 2891 effugiendum
1511 2769 1620 2861 vitu·

523 2922 650 2978 mus.
684 2894 762 2976 Pet
783 2895 967 2981 [nudate
988 2893 1109 3007 pueri
1127 2890 1393 2994 Dominum,
1423 2895 1540 3007 quod
1571 2892 1620 2981 itt

525 3012 665 3099 eundo
700 3013 747 3099 nd
774 3014 931 3099 Fontes
963 3011 1155 3113 dicitur,
1180 3014 1280 3118 ¹lnns
1297 3008 1622 3127 Neophitorutu

525 3131 764 3220 ostenditur
805 3165 818 3237 ;
853 3162 928 3249 per
956 3135 1003 3220 ln
1039 3132 1171 3221 Exitu
1188 3133 1330 3233 ,lsrael
1357 3192 1373 3233 ,
1405 3131 1621 3222 etr-uticum

524 3251 774 3340 Israeliticne
807 3253 942 3370 plebis
969 3287 982 3356 ;
1009 3282 1085 3369 per
1117 3249 1344 3339 transitum
1390 3251 1515 3340 muris
1552 3279 1623 3340 ru·

526 3373 592 3457 bri
612 3372 685 3488 (ε)
705 3430 718 3468 ,
751 3372 924 3458 libertas
944 3377 997 3459 de
1016 3399 1231 3490 potestate
1248 3368 1478 3470 Pharaonis
1498 3430 1513 3474 ,
1542 3398 1621 3487 per

527 3495 640 3602 quorl
661 3490 817 3574 iterum
837 3491 1070 3605 Baptismus
1092 3494 1298 3608 figuratur
1314 3519 1330 3593 ;
1347 3517 1423 3604 per
1440 3493 1622 3577 Pharao·

528 3637 625 3697 nem
661 3604 774 3690 enirn
807 3607 998 3696 diabolus
1029 3609 1290 3727 intelligitur
1317 3639 1329 3710 ;
1363 3637 1439 3723 pet
1459 3605 1621 3722 Baptis-

527 3754 641 3815 mum
663 3722 776 3809 enirn
794 3727 845 3810 de
863 3754 1075 3842 potestate
1098 3726 1266 3818 diaboli
1287 3726 1542 3814 liberamur.

545 3939 623 4020 ¹(t)
660 3931 716 3997 De
749 3933 814 4001 hoc
840 3934 925 4006 Ritu
965 3936 1048 4007 vide
1106 3954 1282 4035 sperarum
1299 3931 1507 4038 Pasclralintrt
1520 3930 1620 4013 Ritus

528 4024 754 4122 opusculum
787 4028 928 4103 Clariss.
964 4035 1048 4105 Phi·
1103 4031 1625 4132 Expositr'oRorutrroccrxxx.

530 4125 615 4216 lippi
634 4123 811 4195 laurentii
830 4131 988 4224 Dionysi,
1004 4132 1048 4203 in·
1102 4158 1176 4224 cap.
1196 4135 1245 4205 rl.

531 4222 701 4338 scriptum
724 4227 965 4321 ,Antiquissimi
987 4238 1048 4302 Ve-
1128 4238 1184 4326 (ι)
1198 4229 1311 4306 exod.
1328 4249 1411 4304 xlv·
1428 4247 1491 4300 22.
1503 4247 1605 4319 seqq.
