<?xml version="1.0" encoding="UTF-8"?>
<!DOCTYPE html PUBLIC "-//W3C//DTD XHTML 1.0 Transitional//EN"
    "http://www.w3.org/TR/xhtml1/DTD/xhtml1-transitional.dtd">
<html xmlns="http://www.w3.org/1999/xhtml" xml:lang="en" lang="en">
 <head>
  <title>
</title>
<meta http-equiv="Content-Type" content="text/html;charset=utf-8" />
  <meta name='ocr-system' content='tesseract 3.04.00' />
  <meta name='ocr-capabilities' content='ocr_page ocr_carea ocr_par ocr_line ocrx_word'/>
</head>
<body>
  <div class='ocr_page' id='page_1' title='image "./ssecclesirituum00unkngoog_0241.png"; bbox 0 0 4284 6125; ppageno 0'>
   <div class='ocr_carea' id='block_1_1' title="bbox 530 1280 1616 4019">
    <p class='ocr_par' dir='ltr' id='par_1_1' title="bbox 531 1280 1364 1363">
     <span class='ocr_line' id='line_1_1' title="bbox 531 1280 1364 1363; baseline -0.011 -2"><span class='ocrx_word' id='word_1_1' title='bbox 531 1290 623 1363; x_wconf 75' lang='lat'>210</span> <span class='ocrx_word' id='word_1_2' title='bbox 781 1290 1052 1354; x_wconf 79' lang='lat' dir='ltr'>nrvrstonunt</span> <span class='ocrx_word' id='word_1_3' title='bbox 1082 1280 1364 1356; x_wconf 76' lang='lat' dir='ltr'>osrlcsonost</span> 
     </span>
    </p>

    <p class='ocr_par' dir='ltr' id='par_1_2' title="bbox 530 1380 1616 4019">
     <span class='ocr_line' id='line_1_2' title="bbox 538 1380 1605 1484; baseline -0.002 -6"><span class='ocrx_word' id='word_1_4' title='bbox 538 1397 701 1478; x_wconf 85' lang='lat' dir='ltr'>bonum</span> <span class='ocrx_word' id='word_1_5' title='bbox 721 1387 875 1473; x_wconf 88' lang='lat' dir='ltr'>habere</span> <span class='ocrx_word' id='word_1_6' title='bbox 908 1388 960 1471; x_wconf 94' lang='lat' dir='ltr'>de</span> <span class='ocrx_word' id='word_1_7' title='bbox 980 1384 1242 1472; x_wconf 89' lang='lat' dir='ltr'>immaculara</span> <span class='ocrx_word' id='word_1_8' title='bbox 1262 1384 1374 1484; x_wconf 88' lang='lat' dir='ltr'>vita,</span> <span class='ocrx_word' id='word_1_9' title='bbox 1398 1380 1605 1481; x_wconf 79' lang='lat' dir='ltr'>&amp;sancta</span> 
     </span>
     <span class='ocr_line' id='line_1_3' title="bbox 537 1504 1607 1626; baseline -0.001 -25"><span class='ocrx_word' id='word_1_10' title='bbox 537 1507 744 1626; x_wconf 86' lang='lat' dir='ltr'><strong>Episcopi</strong></span> <span class='ocrx_word' id='word_1_11' title='bbox 780 1508 1145 1610; x_wconf 85' lang='lat' dir='ltr'>conversatione;</span> <span class='ocrx_word' id='word_1_12' title='bbox 1175 1536 1226 1593; x_wconf 89' lang='lat' dir='ltr'>ne</span> <span class='ocrx_word' id='word_1_13' title='bbox 1245 1504 1356 1590; x_wconf 83' lang='lat' dir='ltr'>forte</span> <span class='ocrx_word' id='word_1_14' title='bbox 1386 1505 1607 1624; x_wconf 83' lang='lat' dir='ltr'>accipiant</span> 
     </span>
     <span class='ocr_line' id='line_1_4' title="bbox 537 1622 1607 1741; baseline -0.002 -23"><span class='ocrx_word' id='word_1_15' title='bbox 537 1628 705 1718; x_wconf 90' lang='lat' dir='ltr'>inimici</span> <span class='ocrx_word' id='word_1_16' title='bbox 734 1629 872 1717; x_wconf 90' lang='lat' dir='ltr'>locum</span> <span class='ocrx_word' id='word_1_17' title='bbox 903 1625 1120 1741; x_wconf 82' lang='lat' dir='ltr'>Episcopo</span> <span class='ocrx_word' id='word_1_18' title='bbox 1146 1622 1447 1726; x_wconf 88' lang='lat' dir='ltr'>obtrectandi,</span> <span class='ocrx_word' id='word_1_19' title='bbox 1477 1624 1522 1716; x_wconf 69' lang='grc' dir='ltr'><strong>ἃ</strong></span> <span class='ocrx_word' id='word_1_20' title='bbox 1540 1624 1607 1715; x_wconf 89' lang='lat' dir='ltr'>in·</span> 
     </span>
     <span class='ocr_line' id='line_1_5' title="bbox 538 1743 1609 1865; baseline -0.001 -29"><span class='ocrx_word' id='word_1_21' title='bbox 538 1751 694 1836; x_wconf 82' lang='lat' dir='ltr'>famare</span> <span class='ocrx_word' id='word_1_22' title='bbox 713 1745 920 1865; x_wconf 87' lang='lat' dir='ltr'>incipiant</span> <span class='ocrx_word' id='word_1_23' title='bbox 945 1745 1215 1835; x_wconf 89' lang='lat' dir='ltr'>Catholicum</span> <span class='ocrx_word' id='word_1_24' title='bbox 1232 1749 1405 1864; x_wconf 84' lang='lat' dir='ltr'><strong>dogma.</strong></span> <span class='ocrx_word' id='word_1_25' title='bbox 1426 1743 1473 1833; x_wconf 88' lang='lat' dir='ltr'>Si</span> <span class='ocrx_word' id='word_1_26' title='bbox 1490 1745 1609 1837; x_wconf 87' lang='lat' dir='ltr'>enim</span> 
     </span>
     <span class='ocr_line' id='line_1_6' title="bbox 541 1865 1608 1986; baseline -0.004 -27"><span class='ocrx_word' id='word_1_27' title='bbox 541 1867 778 1986; x_wconf 76' lang='lat' dir='ltr'>Episcopus</span> <span class='ocrx_word' id='word_1_28' title='bbox 798 1929 812 1968; x_wconf 87' lang='lat'>,</span> <span class='ocrx_word' id='word_1_29' title='bbox 843 1867 915 1980; x_wconf 90' lang='lat' dir='ltr'>qui</span> <span class='ocrx_word' id='word_1_30' title='bbox 944 1869 1083 1953; x_wconf 88' lang='lat' dir='ltr'>lumen</span> <span class='ocrx_word' id='word_1_31' title='bbox 1101 1868 1339 1984; x_wconf 84' lang='lat' dir='ltr'>promeruit</span> <span class='ocrx_word' id='word_1_32' title='bbox 1360 1894 1450 1953; x_wconf 87' lang='lat' dir='ltr'>esse</span> <span class='ocrx_word' id='word_1_33' title='bbox 1468 1865 1542 1984; x_wconf 88' lang='lat' dir='ltr'>(r)</span> <span class='ocrx_word' id='word_1_34' title='bbox 1559 1866 1608 1955; x_wconf 92' lang='lat' dir='ltr'>in</span> 
     </span>
     <span class='ocr_line' id='line_1_7' title="bbox 542 1982 1610 2104; baseline 0.001 -29"><span class='ocrx_word' id='word_1_35' title='bbox 542 2015 728 2104; x_wconf 89' lang='lat' dir='ltr'>corpore</span> <span class='ocrx_word' id='word_1_36' title='bbox 751 2047 764 2087; x_wconf 91' lang='lat'>,</span> <span class='ocrx_word' id='word_1_37' title='bbox 780 1984 1050 2101; x_wconf 89' lang='lat' dir='ltr'>simplicitate</span> <span class='ocrx_word' id='word_1_38' title='bbox 1069 2010 1134 2099; x_wconf 85' lang='lat' dir='ltr'>est</span> <span class='ocrx_word' id='word_1_39' title='bbox 1152 2011 1293 2074; x_wconf 88' lang='lat' dir='ltr'>sancta</span> <span class='ocrx_word' id='word_1_40' title='bbox 1308 2046 1320 2086; x_wconf 86' lang='lat'>,</span> <span class='ocrx_word' id='word_1_41' title='bbox 1338 1982 1381 2075; x_wconf 77' lang='grc' dir='ltr'><strong>ἃ</strong></span> <span class='ocrx_word' id='word_1_42' title='bbox 1399 1985 1610 2079; x_wconf 89' lang='lat' dir='ltr'>innocen·</span> 
     </span>
     <span class='ocr_line' id='line_1_8' title="bbox 540 2104 1610 2220; baseline -0.002 -25"><span class='ocrx_word' id='word_1_43' title='bbox 540 2109 601 2195; x_wconf 87' lang='lat' dir='ltr'>ria</span> <span class='ocrx_word' id='word_1_44' title='bbox 626 2111 880 2205; x_wconf 86' lang='lat' dir='ltr'>decoratos,</span> <span class='ocrx_word' id='word_1_45' title='bbox 912 2105 1049 2194; x_wconf 88' lang='lat' dir='ltr'>omnis</span> <span class='ocrx_word' id='word_1_46' title='bbox 1083 2104 1270 2195; x_wconf 75' lang='lat' dir='ltr'>Ecclesia</span> <span class='ocrx_word' id='word_1_47' title='bbox 1298 2107 1523 2220; x_wconf 74' lang='lat' dir='ltr'>splendore</span> <span class='ocrx_word' id='word_1_48' title='bbox 1545 2107 1610 2193; x_wconf 85' lang='lat' dir='ltr'>lu-</span> 
     </span>
     <span class='ocr_line' id='line_1_9' title="bbox 540 2224 1609 2341; baseline -0.001 -26"><span class='ocrx_word' id='word_1_49' title='bbox 540 2227 670 2315; x_wconf 80' lang='lat' dir='ltr'>minis</span> <span class='ocrx_word' id='word_1_50' title='bbox 693 2225 872 2311; x_wconf 88' lang='lat' dir='ltr'>radiatur</span> <span class='ocrx_word' id='word_1_51' title='bbox 894 2256 907 2327; x_wconf 92' lang='lat'>;</span> <span class='ocrx_word' id='word_1_52' title='bbox 941 2226 1020 2313; x_wconf 92' lang='lat' dir='ltr'>hoc</span> <span class='ocrx_word' id='word_1_53' title='bbox 1054 2246 1120 2312; x_wconf 90' lang='lat' dir='ltr'>est</span> <span class='ocrx_word' id='word_1_54' title='bbox 1141 2224 1287 2323; x_wconf 85' lang='lat' dir='ltr'>enirn,</span> <span class='ocrx_word' id='word_1_55' title='bbox 1318 2225 1432 2339; x_wconf 90' lang='lat' dir='ltr'>quod</span> <span class='ocrx_word' id='word_1_56' title='bbox 1452 2224 1609 2341; x_wconf 84' lang='lat' dir='ltr'>legitur</span> 
     </span>
     <span class='ocr_line' id='line_1_10' title="bbox 541 2343 1611 2462; baseline 0.005 -32"><span class='ocrx_word' id='word_1_57' title='bbox 541 2348 589 2430; x_wconf 88' lang='lat' dir='ltr'>in</span> <span class='ocrx_word' id='word_1_58' title='bbox 609 2343 839 2459; x_wconf 83' lang='lat' dir='ltr'>Evangelio</span> <span class='ocrx_word' id='word_1_59' title='bbox 856 2346 931 2462; x_wconf 80' lang='lat' dir='ltr'>(a)</span> <span class='ocrx_word' id='word_1_60' title='bbox 952 2375 964 2431; x_wconf 75' lang='grc' dir='ltr'><strong><em>ε</em></strong></span> <span class='ocrx_word' id='word_1_61' title='bbox 996 2343 1042 2429; x_wconf 90' lang='lat' dir='ltr'>Si</span> <span class='ocrx_word' id='word_1_62' title='bbox 1056 2347 1200 2434; x_wconf 85' lang='lat' dir='ltr'>oculus</span> <span class='ocrx_word' id='word_1_63' title='bbox 1215 2367 1312 2431; x_wconf 83' lang='lat' dir='ltr'>tuus</span> <span class='ocrx_word' id='word_1_64' title='bbox 1328 2345 1499 2460; x_wconf 77' lang='lat' dir='ltr'>simplex</span> <span class='ocrx_word' id='word_1_65' title='bbox 1509 2343 1611 2456; x_wconf 74' lang='lat' dir='ltr'>fue-</span> 
     </span>
     <span class='ocr_line' id='line_1_11' title="bbox 541 2461 1608 2579; baseline 0 -26"><span class='ocrx_word' id='word_1_66' title='bbox 541 2467 629 2562; x_wconf 85' lang='lat' dir='ltr'>rit,</span> <span class='ocrx_word' id='word_1_67' title='bbox 655 2484 785 2550; x_wconf 80' lang='lat' dir='ltr'>totum</span> <span class='ocrx_word' id='word_1_68' title='bbox 820 2492 965 2579; x_wconf 86' lang='lat' dir='ltr'>corpus</span> <span class='ocrx_word' id='word_1_69' title='bbox 997 2486 1114 2551; x_wconf 81' lang='lat' dir='ltr'>tunm</span> <span class='ocrx_word' id='word_1_70' title='bbox 1149 2465 1330 2554; x_wconf 86' lang='lat' dir='ltr'>lucidum</span> <span class='ocrx_word' id='word_1_71' title='bbox 1359 2464 1467 2553; x_wconf 82' lang='lat' dir='ltr'>erit.</span> <span class='ocrx_word' id='word_1_72' title='bbox 1497 2461 1608 2553; x_wconf 81' lang='lat' dir='ltr'>Etsi</span> 
     </span>
     <span class='ocr_line' id='line_1_12' title="bbox 543 2581 1607 2699; baseline -0.003 -25"><span class='ocrx_word' id='word_1_73' title='bbox 543 2582 784 2698; x_wconf 85' lang='lat' dir='ltr'>Episcopus</span> <span class='ocrx_word' id='word_1_74' title='bbox 819 2642 832 2682; x_wconf 91' lang='lat'>,</span> <span class='ocrx_word' id='word_1_75' title='bbox 864 2582 935 2697; x_wconf 89' lang='lat' dir='ltr'>qui</span> <span class='ocrx_word' id='word_1_76' title='bbox 968 2583 1190 2673; x_wconf 88' lang='lat' dir='ltr'>videbatur</span> <span class='ocrx_word' id='word_1_77' title='bbox 1226 2583 1400 2699; x_wconf 90' lang='lat' dir='ltr'>corpori</span> <span class='ocrx_word' id='word_1_78' title='bbox 1434 2581 1607 2673; x_wconf 88' lang='lat' dir='ltr'>subdito</span> 
     </span>
     <span class='ocr_line' id='line_1_13' title="bbox 542 2700 1609 2819; baseline 0 -30"><span class='ocrx_word' id='word_1_79' title='bbox 542 2707 679 2791; x_wconf 88' lang='lat' dir='ltr'>lucem</span> <span class='ocrx_word' id='word_1_80' title='bbox 698 2706 927 2816; x_wconf 85' lang='lat' dir='ltr'>praebere,</span> <span class='ocrx_word' id='word_1_81' title='bbox 962 2704 1240 2791; x_wconf 77' lang='lat' dir='ltr'>obnubiletur</span> <span class='ocrx_word' id='word_1_82' title='bbox 1261 2703 1467 2819; x_wconf 87' lang='lat' dir='ltr'>nequitiae</span> <span class='ocrx_word' id='word_1_83' title='bbox 1483 2700 1609 2791; x_wconf 83' lang='lat' dir='ltr'>caeci·</span> 
     </span>
     <span class='ocr_line' id='line_1_14' title="bbox 541 2820 1607 2938; baseline 0.004 -29"><span class='ocrx_word' id='word_1_84' title='bbox 541 2845 660 2919; x_wconf 88' lang='lat' dir='ltr'>tate,</span> <span class='ocrx_word' id='word_1_85' title='bbox 684 2820 784 2935; x_wconf 84' lang='lat' dir='ltr'>quid</span> <span class='ocrx_word' id='word_1_86' title='bbox 804 2845 943 2908; x_wconf 88' lang='lat' dir='ltr'>cetera</span> <span class='ocrx_word' id='word_1_87' title='bbox 957 2821 1113 2910; x_wconf 85' lang='lat' dir='ltr'>facient</span> <span class='ocrx_word' id='word_1_88' title='bbox 1131 2824 1345 2923; x_wconf 89' lang='lat' dir='ltr'>membra,</span> <span class='ocrx_word' id='word_1_89' title='bbox 1362 2822 1514 2938; x_wconf 85' lang='lat' dir='ltr'>quibus</span> <span class='ocrx_word' id='word_1_90' title='bbox 1535 2825 1607 2913; x_wconf 84' lang='lat' dir='ltr'>lux</span> 
     </span>
     <span class='ocr_line' id='line_1_15' title="bbox 541 2939 1610 3059; baseline -0.002 -29"><span class='ocrx_word' id='word_1_91' title='bbox 541 2943 737 3057; x_wconf 87' lang='lat' dir='ltr'>adempta</span> <span class='ocrx_word' id='word_1_92' title='bbox 753 2939 809 3027; x_wconf 84' lang='lat' dir='ltr'>eli</span> <span class='ocrx_word' id='word_1_93' title='bbox 833 2943 1085 3030; x_wconf 68' lang='lat' dir='ltr'>oculorum?</span> <span class='ocrx_word' id='word_1_94' title='bbox 1112 2943 1180 3029; x_wconf 91' lang='lat' dir='ltr'>De</span> <span class='ocrx_word' id='word_1_95' title='bbox 1203 2945 1283 3031; x_wconf 91' lang='lat' dir='ltr'>hoc</span> <span class='ocrx_word' id='word_1_96' title='bbox 1313 2941 1358 3028; x_wconf 93' lang='lat' dir='ltr'>in</span> <span class='ocrx_word' id='word_1_97' title='bbox 1378 2941 1610 3059; x_wconf 85' lang='lat' dir='ltr'>Evangelio</span> 
     </span>
     <span class='ocr_line' id='line_1_16' title="bbox 541 3060 1611 3181; baseline 0.001 -32"><span class='ocrx_word' id='word_1_98' title='bbox 541 3060 700 3181; x_wconf 86' lang='lat' dir='ltr'>legitur</span> <span class='ocrx_word' id='word_1_99' title='bbox 715 3062 790 3181; x_wconf 83' lang='lat'>(3)</span> <span class='ocrx_word' id='word_1_100' title='bbox 809 3093 820 3146; x_wconf 79' lang='lat' dir='ltr'>s</span> <span class='ocrx_word' id='word_1_101' title='bbox 853 3064 1046 3151; x_wconf 82' lang='lat' dir='ltr'>Sinutem</span> <span class='ocrx_word' id='word_1_102' title='bbox 1064 3066 1207 3153; x_wconf 85' lang='lat' dir='ltr'>oculus</span> <span class='ocrx_word' id='word_1_103' title='bbox 1222 3086 1317 3155; x_wconf 82' lang='lat' dir='ltr'>tuus</span> <span class='ocrx_word' id='word_1_104' title='bbox 1333 3084 1611 3181; x_wconf 73' lang='lat' dir='ltr'>aequamen,</span> 
     </span>
     <span class='ocr_line' id='line_1_17' title="bbox 541 3182 1615 3298; baseline -0.007 -22"><span class='ocrx_word' id='word_1_105' title='bbox 541 3206 672 3276; x_wconf 73' lang='lat' dir='ltr'>lorum</span> <span class='ocrx_word' id='word_1_106' title='bbox 705 3213 852 3298; x_wconf 86' lang='lat' dir='ltr'>corpus</span> <span class='ocrx_word' id='word_1_107' title='bbox 884 3206 999 3270; x_wconf 86' lang='lat' dir='ltr'>tuum</span> <span class='ocrx_word' id='word_1_108' title='bbox 1031 3184 1385 3271; x_wconf 71' lang='lat' dir='ltr'>tenebrosorum.</span> <span class='ocrx_word' id='word_1_109' title='bbox 1416 3184 1472 3271; x_wconf 87' lang='lat' dir='ltr'>Et</span> <span class='ocrx_word' id='word_1_110' title='bbox 1500 3182 1615 3274; x_wconf 89' lang='lat' dir='ltr'>sicut</span> 
     </span>
     <span class='ocr_line' id='line_1_18' title="bbox 544 3300 1613 3420; baseline -0.004 -31"><span class='ocrx_word' id='word_1_111' title='bbox 544 3308 735 3391; x_wconf 88' lang='lat' dir='ltr'>membra</span> <span class='ocrx_word' id='word_1_112' title='bbox 753 3306 843 3391; x_wconf 84' lang='lat' dir='ltr'>sine</span> <span class='ocrx_word' id='word_1_113' title='bbox 862 3303 999 3420; x_wconf 87' lang='lat' dir='ltr'>capite</span> <span class='ocrx_word' id='word_1_114' title='bbox 1023 3303 1170 3390; x_wconf 84' lang='lat' dir='ltr'>vivere</span> <span class='ocrx_word' id='word_1_115' title='bbox 1192 3303 1505 3418; x_wconf 88' lang='lat' dir='ltr'>nequeunt,ita</span> <span class='ocrx_word' id='word_1_116' title='bbox 1524 3300 1613 3387; x_wconf 89' lang='lat' dir='ltr'>elo·</span> 
     </span>
     <span class='ocr_line' id='line_1_19' title="bbox 530 3421 1615 3537; baseline -0.002 -31"><span class='ocrx_word' id='word_1_117' title='bbox 530 3424 644 3535; x_wconf 86' lang='lat' dir='ltr'>&#39;quia</span> <span class='ocrx_word' id='word_1_118' title='bbox 663 3421 808 3509; x_wconf 91' lang='lat' dir='ltr'>divina</span> <span class='ocrx_word' id='word_1_119' title='bbox 829 3422 921 3510; x_wconf 88' lang='lat' dir='ltr'>sine</span> <span class='ocrx_word' id='word_1_120' title='bbox 944 3423 1033 3512; x_wconf 87' lang='lat' dir='ltr'>vita</span> <span class='ocrx_word' id='word_1_121' title='bbox 1052 3427 1163 3511; x_wconf 90' lang='lat' dir='ltr'>bona</span> <span class='ocrx_word' id='word_1_122' title='bbox 1181 3421 1225 3509; x_wconf 92' lang='lat' dir='ltr'>in</span> <span class='ocrx_word' id='word_1_123' title='bbox 1251 3424 1343 3537; x_wconf 90' lang='lat' dir='ltr'>ipso</span> <span class='ocrx_word' id='word_1_124' title='bbox 1367 3448 1615 3537; x_wconf 76' lang='lat' dir='ltr'>permanere</span> 
     </span>
     <span class='ocr_line' id='line_1_20' title="bbox 543 3540 1615 3658; baseline 0 -31"><span class='ocrx_word' id='word_1_125' title='bbox 543 3569 636 3627; x_wconf 86' lang='lat' dir='ltr'>non</span> <span class='ocrx_word' id='word_1_126' title='bbox 658 3566 868 3650; x_wconf 86' lang='lat' dir='ltr'>possunt,</span> <span class='ocrx_word' id='word_1_127' title='bbox 901 3542 1103 3656; x_wconf 92' lang='lat' dir='ltr'>quianon</span> <span class='ocrx_word' id='word_1_128' title='bbox 1131 3540 1250 3630; x_wconf 85' lang='lat' dir='ltr'>facile</span> <span class='ocrx_word' id='word_1_129' title='bbox 1287 3541 1377 3654; x_wconf 86' lang='lat' dir='ltr'>ejus</span> <span class='ocrx_word' id='word_1_130' title='bbox 1412 3544 1615 3658; x_wconf 85' lang='lat' dir='ltr'>praedica·</span> 
     </span>
     <span class='ocr_line' id='line_1_21' title="bbox 546 3657 1615 3772; baseline 0.002 -29"><span class='ocrx_word' id='word_1_131' title='bbox 546 3658 616 3743; x_wconf 87' lang='lat' dir='ltr'>tio</span> <span class='ocrx_word' id='word_1_132' title='bbox 645 3657 851 3772; x_wconf 88' lang='lat' dir='ltr'>accipitur</span> <span class='ocrx_word' id='word_1_133' title='bbox 871 3722 886 3762; x_wconf 86' lang='lat'>,</span> <span class='ocrx_word' id='word_1_134' title='bbox 917 3663 951 3750; x_wconf 88' lang='lat' dir='ltr'>si</span> <span class='ocrx_word' id='word_1_135' title='bbox 971 3663 1076 3750; x_wconf 88' lang='lat' dir='ltr'>levis</span> <span class='ocrx_word' id='word_1_136' title='bbox 1096 3661 1140 3747; x_wconf 90' lang='lat' dir='ltr'>in</span> <span class='ocrx_word' id='word_1_137' title='bbox 1159 3662 1350 3751; x_wconf 88' lang='lat' dir='ltr'>moribus</span> <span class='ocrx_word' id='word_1_138' title='bbox 1366 3690 1456 3750; x_wconf 88' lang='lat' dir='ltr'>esse</span> <span class='ocrx_word' id='word_1_139' title='bbox 1474 3659 1615 3745; x_wconf 84' lang='lat' dir='ltr'>videa·</span> 
     </span>
     <span class='ocr_line' id='line_1_22' title="bbox 545 3774 1616 3891; baseline 0.007 -29"><span class='ocrx_word' id='word_1_140' title='bbox 545 3801 630 3862; x_wconf 89' lang='lat' dir='ltr'>tur.</span> <span class='ocrx_word' id='word_1_141' title='bbox 644 3776 694 3862; x_wconf 89' lang='lat' dir='ltr'>Er</span> <span class='ocrx_word' id='word_1_142' title='bbox 711 3774 808 3891; x_wconf 91' lang='lat' dir='ltr'>quia</span> <span class='ocrx_word' id='word_1_143' title='bbox 825 3780 1029 3872; x_wconf 89' lang='lat' dir='ltr'>sollicitus</span> <span class='ocrx_word' id='word_1_144' title='bbox 1048 3812 1138 3869; x_wconf 88' lang='lat' dir='ltr'>esse</span> <span class='ocrx_word' id='word_1_145' title='bbox 1159 3812 1243 3869; x_wconf 91' lang='lat' dir='ltr'>uon</span> <span class='ocrx_word' id='word_1_146' title='bbox 1263 3780 1424 3870; x_wconf 88' lang='lat' dir='ltr'>studuit</span> <span class='ocrx_word' id='word_1_147' title='bbox 1440 3782 1484 3866; x_wconf 89' lang='lat' dir='ltr'>in</span> <span class='ocrx_word' id='word_1_148' title='bbox 1504 3807 1616 3891; x_wconf 82' lang='lat' dir='ltr'>prae·</span> 
     </span>
     <span class='ocr_line' id='line_1_23' title="bbox 546 3894 1611 4019; baseline 0.005 -36"><span class='ocrx_word' id='word_1_149' title='bbox 546 3894 915 3998; x_wconf 82' lang='lat' dir='ltr'>dicatione,lactus</span> <span class='ocrx_word' id='word_1_150' title='bbox 933 3903 988 3989; x_wconf 85' lang='lat' dir='ltr'>eli</span> <span class='ocrx_word' id='word_1_151' title='bbox 1006 3902 1220 4019; x_wconf 87' lang='lat' dir='ltr'>particeps</span> <span class='ocrx_word' id='word_1_152' title='bbox 1248 3902 1294 3987; x_wconf 90' lang='lat' dir='ltr'>in</span> <span class='ocrx_word' id='word_1_153' title='bbox 1310 3896 1579 3989; x_wconf 88' lang='lat' dir='ltr'>damnatione</span> <span class='ocrx_word' id='word_1_154' title='bbox 1600 3959 1611 3988; x_wconf 84' lang='grc'><strong>.</strong></span> 
     </span>
    </p>
   </div>
   <div class='ocr_carea' id='block_1_2' title="bbox 1022 4082 1137 4168">
    <p class='ocr_par' dir='ltr' id='par_1_3' title="bbox 1022 4082 1137 4168">
     <span class='ocr_line' id='line_1_24' title="bbox 1022 4082 1137 4168; baseline -0.017 0"><span class='ocrx_word' id='word_1_155' title='bbox 1022 4082 1137 4168; x_wconf 89' lang='lat' dir='ltr'>CX.</span> 
     </span>
    </p>
   </div>
   <div class='ocr_carea' id='block_1_3' title="bbox 720 4222 1446 4314">
    <p class='ocr_par' dir='ltr' id='par_1_4' title="bbox 720 4222 1446 4314">
     <span class='ocr_line' id='line_1_25' title="bbox 720 4222 1446 4314; baseline -0.003 -33"><span class='ocrx_word' id='word_1_156' title='bbox 720 4223 796 4281; x_wconf 85' lang='lat' dir='ltr'>DE</span> <span class='ocrx_word' id='word_1_157' title='bbox 838 4227 1105 4290; x_wconf 62' lang='lat'><em>01’1’1010</em></span> <span class='ocrx_word' id='word_1_158' title='bbox 1144 4222 1446 4314; x_wconf 27' lang='lat' dir='ltr'>Enlsco&#39;PI</span> 
     </span>
    </p>
   </div>
   <div class='ocr_carea' id='block_1_4' title="bbox 551 4369 1618 4614">
    <p class='ocr_par' dir='ltr' id='par_1_5' title="bbox 551 4369 1618 4614">
     <span class='ocr_line' id='line_1_26' title="bbox 669 4369 1618 4496; baseline -0.002 -36"><span class='ocrx_word' id='word_1_159' title='bbox 669 4369 738 4460; x_wconf 83' lang='lat' dir='ltr'>Ad</span> <span class='ocrx_word' id='word_1_160' title='bbox 761 4369 1016 4493; x_wconf 82' lang='lat' dir='ltr'>Episcopum</span> <span class='ocrx_word' id='word_1_161' title='bbox 1035 4408 1140 4465; x_wconf 89' lang='lat' dir='ltr'>vero</span> <span class='ocrx_word' id='word_1_162' title='bbox 1157 4376 1352 4496; x_wconf 88' lang='lat' dir='ltr'>pertinet</span> <span class='ocrx_word' id='word_1_163' title='bbox 1371 4369 1581 4464; x_wconf 85' lang='lat' dir='ltr'>Ecclesias</span> <span class='ocrx_word' id='word_1_164' title='bbox 1603 4431 1618 4474; x_wconf 86' lang='lat'><strong>,</strong></span> 
     </span>
     <span class='ocr_line' id='line_1_27' title="bbox 551 4480 1616 4614; baseline 0.011 -39"><span class='ocrx_word' id='word_1_165' title='bbox 551 4480 695 4577; x_wconf 82' lang='lat' dir='ltr'>altaria</span> <span class='ocrx_word' id='word_1_166' title='bbox 709 4554 723 4595; x_wconf 90' lang='lat'><strong>,</strong></span> <span class='ocrx_word' id='word_1_167' title='bbox 737 4524 897 4586; x_wconf 86' lang='lat' dir='ltr'>mensas</span> <span class='ocrx_word' id='word_1_168' title='bbox 913 4522 1163 4614; x_wconf 86' lang='lat' dir='ltr'>,patenam,</span> <span class='ocrx_word' id='word_1_169' title='bbox 1180 4524 1222 4586; x_wconf 79' lang='lat' dir='ltr'>at</span> <span class='ocrx_word' id='word_1_170' title='bbox 1240 4500 1441 4601; x_wconf 80' lang='lat' dir='ltr'>calicem,</span> <span class='ocrx_word' id='word_1_171' title='bbox 1456 4493 1498 4589; x_wconf 75' lang='grc' dir='ltr'>ἃ</span> <span class='ocrx_word' id='word_1_172' title='bbox 1513 4492 1616 4586; x_wconf 85' lang='lat' dir='ltr'>Deo</span> 
     </span>
    </p>
   </div>
   <div class='ocr_carea' id='block_1_5' title="bbox 603 4730 1351 4970">
    <p class='ocr_par' dir='ltr' id='par_1_6' title="bbox 603 4730 1351 4970">
     <span class='ocr_line' id='line_1_28' title="bbox 603 4730 1351 4884; baseline 0.021 -36"><span class='ocrx_word' id='word_1_173' title='bbox 603 4782 656 4866; x_wconf 87' lang='lat'>(1)</span> <span class='ocrx_word' id='word_1_174' title='bbox 674 4778 766 4853; x_wconf 87' lang='lat' dir='ltr'>Cod.</span> <span class='ocrx_word' id='word_1_175' title='bbox 778 4796 909 4879; x_wconf 84' lang='lat' dir='ltr'>presse.</span> <span class='ocrx_word' id='word_1_176' title='bbox 1007 4793 1062 4884; x_wconf 82' lang='lat'>(3)</span> <span class='ocrx_word' id='word_1_177' title='bbox 1077 4786 1168 4864; x_wconf 84' lang='lat' dir='ltr'>Ibid.</span> <span class='ocrx_word' id='word_1_178' title='bbox 1182 4809 1321 4884; x_wconf 70' lang='lat' dir='ltr'>ver023·</span> <span class='ocrx_word' id='word_1_179' title='bbox 1348 4730 1351 4735; x_wconf 53' lang='lat'>‘</span> 
     </span>
     <span class='ocr_line' id='line_1_29' title="bbox 603 4879 1339 4970; baseline 0.022 -23"><span class='ocrx_word' id='word_1_180' title='bbox 603 4886 655 4970; x_wconf 63' lang='grc' dir='ltr'>(ι)</span> <span class='ocrx_word' id='word_1_181' title='bbox 676 4879 799 4955; x_wconf 80' lang='lat' dir='ltr'>March.</span> <span class='ocrx_word' id='word_1_182' title='bbox 817 4905 877 4957; x_wconf 84' lang='lat' dir='ltr'>vr·</span> <span class='ocrx_word' id='word_1_183' title='bbox 897 4908 955 4963; x_wconf 78' lang='lat'>22·</span> <span class='ocrx_word' id='word_1_184' title='bbox 1256 4929 1262 4946; x_wconf 60' lang='grc' dir='ltr'><strong>ι</strong></span> <span class='ocrx_word' id='word_1_185' title='bbox 1312 4931 1339 4970; x_wconf 56' lang='lat' dir='ltr'>„e</span> 
     </span>
    </p>
   </div>
   <div class='ocr_carea' id='block_1_6' title="bbox 0 0 2162 6116">
    <p class='ocr_par' dir='ltr' id='par_1_7' title="bbox 0 0 2162 6116">
     <span class='ocr_line' id='line_1_30' title="bbox 0 0 2162 6116; baseline 0 0"><span class='ocrx_word' id='word_1_186' title='bbox 0 0 2162 6116; x_wconf 95' lang='lat' dir='ltr'> </span> 
     </span>
    </p>
   </div>
  </div>
 </body>
</html>
