4284 6125
776 1376 781 1421 τ
817 1362 1302 1474 Ηυι-ῐσιτῑιο.
1489 1364 1576 1485 267·

503 1478 571 1568 uit
601 1473 647 1564 in
663 1471 934 1565 Offettotio:
970 1474 1206 1562 Meditabar
1229 1473 1341 1592 (ης
1371 1482 1486 1591 quasi
1511 1514 1582 1573 co.-

501 1598 679 1718 girando
699 1654 713 1696 ,
737 1617 782 1682 et
800 1597 1032 1709 ¹operando
1049 1598 1337 1708 perseverabo
1357 1595 1400 1682 in
1423 1604 1584 1690 oratio*

501 1746 591 1806 nea
625 1719 679 1804 Er
692 1714 769 1836 (u)
778 1735 840 1815 tu,
856 1715 986 1811 Deus,
1000 1712 1183 1835 intellige
1197 1714 1414 1803 clamorem
1429 1738 1583 1837 meum}

504 1835 623 1951 quod
641 1838 848 1924 continuo
869 1832 912 1920 in
931 1833 1250 1920 Communione
1269 1859 1461 1926 cantatur
1479 1903 1489 1923 .
1510 1841 1590 1928 De·

503 1959 651 2042 eadem
667 1981 841 2070 quoque
857 1949 1055 2044 instantia
1067 1951 1278 2039 orationis
1296 1953 1419 2041 iterat
1433 1959 1477 2044 in
1498 1987 1583 2047 ter·

502 2075 565 2164 tia
582 2075 846 2174 Dominica,
875 2073 1055 2162 diceus!
1089 2071 1207 2161 Oculi
1223 2069 1298 2190 (3)
1323 2075 1428 2163 mei.
1474 2079 1580 2169 Haec
1600 2092 1606 2104 '

503 2219 643 2283 autem
660 2217 706 2281 ut
721 2192 923 2312 impetret
942 2240 958 2294 5
985 2189 1195 2280 continuo
1213 2191 1259 2278 in
1273 2192 1466 2286 Collecta
1486 2226 1583 2286 ver·

502 2340 573 2402 sus
599 2315 649 2399 ad
673 2316 815 2401 Deum
843 2310 947 2399 dicit
971 2312 1046 2430 (4)
1066 2341 1080 2397 t
1104 2309 1353 2420 Quaesumus
1368 2373 1383 2415 ,
1398 2318 1583 2436 omnipm

502 2455 594 2522 terts
613 2435 741 2535 Deus,
750 2453 843 2522 voto
859 2432 1067 2520 humilium
1091 2429 1268 2546 respice„
1298 2434 1491 2554 Quaiitet
1513 2460 1583 2526 ve·

504 2580 557 2640 so
577 2554 714 2642 valeat
730 2553 1017 2642 umbraculum
1032 2544 1212 2636 Divinae
1227 2550 1490 2642 defensionis
1506 2555 1583 2646 im·-

503 2694 674 2788 pettare
704 2734 720 2776 ‚
750 2676 1014 2789 demonstret
1041 2669 1278 2782 Apostolus
1314 2671 1359 2757 in
1394 2671 1584 2789 Epistoia

504 2818 576 2880 tua
594 2854 609 2895 ,
624 2794 770 2884 dicens
785 2793 895 2912 (5)=
919 2792 1062 2878 Estote
1089 2787 1341 2878 imitarores.
1375 2791 1458 2883 sed
1485 2796 1585 2912 quia

502 2942 629 3000 nemo
658 2916 771 3002 ualet
789 2914 1001 3002 inhaerere
1028 2907 1261 2996 virtutibus
1282 2973 1296 3012 ,
1331 2933 1374 2997 et
1391 2912 1493 3005 vitia
1513 2920 1584 3005 dtr-¹

502 3030 662 3120 elinare
682 3095 696 3134 ‚
724 3030 806 3121 nisi
821 3030 1035 3121 Dominus
1053 3027 1225 3142 repellat
1242 3030 1454 3120 diaholum
1476 3096 1488 3137 ,
1508 3034 1587 3149 qei

500 3149 681 3265 impedit
697 3156 747 3241 ad
766 3152 904 3254 vitia,
926 3174 968 3241 et
986 3182 1009 3237 a
1028 3145 1261 3236 virtutibus
1282 3153 1458 3239 retrahit
1477 3156 1580 3273 (d),-

500 3268 679 3357 asflictus
697 3272 775 3357 iste
793 3271 1002 3384 continuo
1015 3267 1169 3356 'subdit
1191 3266 1236 3353 iu
1249 3274 1544 3388 Responsorio
1564 3290 1581 3359 t

501 3386 979 3509 Exurge,Domine‚non
990 3391 1239 3504 praevaleat.
1272 3389 1335 3476 Ut
1352 3412 1488 3479 autem
1509 3392 1585 3482 aii-⁴

503 3533 709 3621 quatenus
729 3510 903 3628 gratiam
921 3505 1040 3607 Dei,
1071 3508 1140 3596 eui
1168 3511 1248 3596 hoc
1283 3508 1549 3625 impendatur
1568 3559 1586 3615 ς

502 3630 783 3731 demonstret,
801 3626 945 3717 subdit
964 3628 1013 3717 iu
1028 3625 1189 3715 Tractu
1209 3659 1222 3712 r
1239 3626 1308 3713 Ad
1327 3634 1400 3748 (7)
1417 3654 1457 3718 te
1473 3635 1581 3720 leuo-

500 3747 544 3833 oi
558 3749 923 3837 oculosmeos.Ne
943 3777 1049 3836 vero
1070 3746 1265 3833 haesitare
1284 3745 1493 3866 incipiat,
1524 3779 1577 3837 atr

501 3866 717 3957 Dominus
736 3868 873 3986 possit
889 3867 1117 3957 instantem
1148 3865 1361 3953 diab‘oium
1392 3866 1547 3979 ejicere
1568 3919 1587 3972 ,·

502 4011 813 4101 consequenter
832 3990 874 4073 in
891 3988 1126 4104 Evangelio
1141 4008 1397 4094 memoratur
1415 3990 1466 4075 de
1488 4017 1584 4077 cor·

499 4134 608 4223 pore
643 4111 820 4195 obsesso
857 4104 1144 4209 adremonio,
1167 4107 1244 4219 p'et
1272 4092 1489 4194 Christum
1512 4137 1584 4195 ex·

501 4226 658 4339 pulso,
690 4259 788 4316 cum
822 4226 977 4313 dicitur
995 4228 1102 4343 (8):
1141 4228 1242 4310 Erat
1268 4228 1387 4323 lesus
1418 4227 1587 4341 ejiciens

499 4345 742 4433 daemontum
763 4410 774 4431 .
800 4346 1002 4461 Congroe
1021 4344 1230 4456 siquidem
1244 4392 1260 4443 ,·
1275 4350 1444 4456 nedum
1465 4346 1581 4431 infit‘·

501 4488 595 4548 mus
614 4468 803 4581 postulat
832 4464 971 4578 juvati
986 4493 1010 4550 a
1028 4464 1239 4563 Christo,
1267 4461 1430 4552 diffidat
1446 4464 1491 4553 in
1512 4463 1587 4551 atta

529 4668 584 4749 (t)
601 4668 651 4738 Ex
665 4667 754 4740 Psal.
768 4691 859 4740 cxvt
871 4669 918 4740 11.
933 4690 994 4765 47.
1095 4678 1147 4761 (5)
1166 4668 1288 4759 Ephes.
1301 4694 1336 4740 v.
1355 4694 1386 4740 1.

529 4767 586 4850 (2)
601 4761 691 4836 Psai.
706 4789 742 4836 v.
771 4789 881 4841 vent.
1092 4772 1146 4858 (6)
1163 4765 1256 4835 Cod.
1284 4783 1317 4836 et
1333 4762 1517 4837 uirtutibus
1530 4766 1585 4835 de·

528 4869 585 4950 (ς)
599 4862 650 4932 Ex
667 4860 867 4935 Psathxxrv.
879 4880 1017 4948 venti·
1064 4865 1193 4937 trahit.
1245 4870 1302 4954 (7)
1316 4861 1402 4932 Psah.
1417 4857 1548 4934 exuis

527 4967 587 5065 (ti
602 4958 871 5038 C⁰d0¹²¹²⁸ffl
885 4963 1018 5040 ditm·
1091 4958 1265 5058 (illum
1276 4981 1340 5059 eto
1359 4979 1418 5055 ¹4·
