4284 6125
1585 1417 2605 1496 .,ειειιοᾼτιο.

1114 1613 1169 1650 ,,
1202 1561 1304 1638 cia
1372 1562 1845 1636 Ecclesiastica
1926 1588 2120 1657 posse

1111 1711 1163 1747 „
1196 1664 1448 1756 absque
1512 1660 1714 1754 culpa
1743 1663 2119 1754 comparari

1108 1806 1161 1843 2,
1208 1775 1719 1839 asseverarent,
1795 1760 2121 1852 quicquid

1110 1903 1163 1940 2,
1192 1856 1487 1951 denique
1535 1872 1864 1927 statueret
1893 1856 2124 1929 Eccle-

1109 1999 1161 2036 ,‚
1189 1954 1286 2025 sia
1308 2002 1329 2035 ‚
1389 1954 1631 2025 merito
1684 1955 1955 2025 Auctor
1979 2001 2001 2036 ‚
2056 1970 2127 2025 et

1109 2096 1162 2131 2,
1192 2052 1489 2134 eiusdem
1533 2049 1658 2122 aevi
1692 2050 2070 2143 Scriptores
2098 2099 2122 2132 ‚

1107 2194 1160 2227 ,,
1192 2147 1355 2219 tales
1412 2147 1825 2220 concubinos
1852 2196 1873 2226 ‚
1930 2166 1996 2220 et
2031 2148 2126 2220 Si-

1092 2286 1158 2323 ·„
1192 2246 1532 2318 moniacos
1560 2244 1888 2315 haereticis
1916 2269 2122 2317 annu-

1112 2386 1162 2422 „
1196 2361 1479 2426 merant3
1506 2365 1627 2412 nec
1658 2341 1812 2422 fuit,
1841 2366 1967 2414 cur
1992 2349 2120 2416 hoc

1110 2483 1162 2517 2,
1198 2440 1261 2511 in
1295 2443 1602 2510 Auctore
1617 2439 2003 2531 specialiter
2027 2465 2122 2512 re-

1108 2580 1158 2614 „
1197 2537 1750 2629 prehenderetur.
1780 2537 2002 2608 Venio
2040 2541 2121 2610 ad

1107 2676 1162 2710 ,‚
1194 2632 1467 2704 alteram
1500 2657 1761 2707 causam
1797 2635 2122 2707 morbosi·

1102 2772 1157 2807 „
1188 2731 1343 2802 tatis
1370 2731 1581 2804 libelli
1612 2780 1634 2814 ‚
1690 2756 1817 2825 pro
1847 2757 1985 2825 quo
2016 2757 2117 2803 sa-

1101 2869 1154 2904 „
1185 2829 1476 2922 tagimus
1501 2877 1523 2911 ‚
1578 2852 1725 2921 quae
1762 2844 1863 2901 est
1891 2832 1975 2900 de
2002 2831 2116 2901 Sa-

1100 2965 1152 3001 „
1185 2926 2110 3008 eramentisSimoniacorum‚

1097 3061 1147 3098 υ
1190 3041 1258 3094 et
1283 3023 1962 3114 Haereticorum,quae
1976 3028 2116 3098 Au·
2142 3032 2156 3046 ’

1098 3160 1150 3194 υ
1181 3138 1333 3191 ctor
1347 3121 1705 3215 aliquando
1724 3121 2114 3202 nulla‚etva·

1095 3256 1146 3290 η
1176 3242 1257 3287 na
1275 3242 1414 3289 esse
1435 3219 2108 3312 confirmattideoque

1090 3316 1381 3403 „statuit
1406 3363 1429 3393 ‚
1463 3340 1593 3386 non
1626 3339 1767 3387 esse
1803 3316 2102 3387 habenda

1090 3449 1144 3483 2,
1178 3426 1318 3480 rata
1341 3456 1364 3490 ‚
1391 3413 1505 3482 sed
1530 3435 1671 3482 esse
1713 3417 2100 3502 repetenda,

1089 3545 1142 3579 22
1173 3505 1428 3598 quippe
1442 3512 1589 3600 qssae
1619 3507 2098 3591 irritafuerint‚

1085 3640 1140 3676 ω
1174 3626 1249 3674 ac
1281 3600 1487 3675 nulla.
1521 3601 1794 3677 Fatetur
1816 3605 2093 3699 quidem

1085 3738 1137 3773 η
1166 3702 1433 3771 Auctor
1484 3749 1506 3783 ‚
1585 3702 1807 3795 aliqua
1861 3703 2091 3775 Sacra-

1082 3834 1135 3870 29
1167 3815 1391 3869 menta
1413 3798 1946 3872 Simoniacorum
1966 3849 1988 3883 ‚
2016 3819 2086 3874 et

1082 3929 1133 3967 κ
1160 3894 1656 3969 Haereticorum
1681 3896 1905 3993 valida
1921 3921 2087 3980 esse,

1079 4026 1133 4063 ,υ
1170 4016 1291 4063 nec
1322 3997 1704 4086 repetenda;
1736 4017 1884 4087 quae
1917 3995 2090 4068 scili·

1080 4124 1131 4159 υ
1162 4107 1269 4161 cet
1303 4090 1478 4161 bona
1530 4092 1661 4163 fide
1693 4093 1778 4163 ab
1812 4092 2087 4165 occulto

1079 4218 1129 4258 2,
1158 4185 1565 4270 simoniaco,
1597 4207 1714 4260 aut
1741 4189 2086 4262 Haeretico

1076 4313 1128 4356 κ
1158 4302 1375 4354 essent
1404 4304 1740 4377 suscepta.
1761 4286 1949 4359 Unde
1985 4311 2089 4361 re-

1075 4412 1128 4449 „
1156 4378 1378 4450 tundit
1402 4380 1805 4456 calumniam
1832 4384 2089 4478 aliquo-

1071 4508 1124 4545 „
1163 4496 1312 4546 rum
1349 4523 1373 4556 ‚
1406 4480 1595 4560 iuxta
1630 4504 1800 4573 quos
1855 4480 1911 4552 si
1968 4484 2086 4554 Sa-

1069 4603 1122 4641 „
1152 4592 1491 4646 eramenta
1540 4577 2078 4653 Simoniacorum

1067 4703 1120 4738 ω
1153 4666 1287 4739 sint
1324 4669 1506 4745 nulla
1529 4722 1555 4761 ‚
1603 4676 2077 4751 Sacerdotium

1065 4797 1119 4835 η
1145 4766 1273 4845 iam
1306 4791 1342 4837 a
1375 4785 1683 4863 tempore
1731 4774 1799 4844 S.
1837 4774 2077 4846 Leonis

1062 4896 1115 4931 η
1138 4860 1327 4934 Noni
1358 4865 1697 4943 defecerat
1746 4871 1813 4942 in
1843 4871 2076 4957 Eccle-

3062 1422 3223 1516 171

2220 1610 2268 1645 ,‚
2300 1561 2443 1634 vita
2476 1565 2545 1633 8.
2581 1563 2820 1634 Leonis
2848 1611 2869 1644 ,
2932 1564 3100 1636 hanc
3125 1594 3236 1641 ca-

2221 1709 2272 1743 „
2308 1659 2626 1731 lumniam
2687 1661 2981 1732 referens
3036 1709 3065 1744 ,
3110 1668 3233 1740 vix

2208 1756 2589 1841 „inveniri
2622 1775 2850 1851 posset
2906 1755 3011 1828 vel
3060 1787 3232 1835 unus

2217 1903 2269 1938 „
2309 1855 2372 1925 in
2403 1853 2704 1926 Ecclesia
2730 1903 2751 1938 ‚
2806 1857 2922 1949 qui
2974 1876 3087 1930 aut
3117 1860 3227 1932 Si-

2223 2001 2270 2035 „
2301 1950 2644 2023 moniacus
2692 1977 2825 2024 non
2855 1972 3027 2025 esset
3055 2004 3079 2037 ‚
3113 1977 3229 2030 aut

2222 2096 2271 2132 ‚‚
2295 2075 2332 2120 a
2352 2049 2744 2121 simoniacis
2778 2073 2909 2121 non
2929 2071 3102 2125 esset
3127 2079 3230 2126 or·

2219 2193 2267 2230 „
2298 2146 2588 2218 dinatus.
2619 2148 2810 2218 Unde
2837 2149 2892 2219 si
2927 2149 3231 2223 Ordina-

2197 2293 2269 2327 .‚,
2302 2244 2401 2315 tio
2432 2244 2810 2316 simoniaca
2843 2262 2986 2318 erat
3015 2249 3227 2333 nulla,

2219 2391 2269 2425 „
2299 2341 2522 2413 nullus
2583 2362 2931 2434 supererat
2986 2344 3051 2416 in
3104 2349 3230 2418 Ec-

2220 2487 2271 2523 „
2301 2438 2503 2510 clesia
2552 2462 2756 2511 verus
2799 2442 3174 2538 Episcopus
3200 2494 3226 2528 ‚

2220 2584 2268 2619 ,‚
2294 2536 2410 2630 qui
2440 2537 2756 2608 ordinare
2807 2539 3032 2612 valide
3083 2566 3233 2635 pos·

2218 2680 2267 2717 ,‚
2293 2652 2394 2704 set
2432 2659 2456 2716 3
2508 2633 2730 2706 nullus
2784 2635 3072 2730 simplex
3111 2642 3223 2714 Sa.

2211 2731 2522 2814 „cerdos
2569 2780 2591 2814 ,
2641 2736 2831 2816 cujus
2856 2736 3226 2811 Ordinatio

2209 2875 2264 2911 ,‚
2295 2852 2475 2899 cassa
2499 2853 2628 2900 non
2653 2829 2892 2904 fuisset
2917 2883 2938 2915 ‚
2965 2858 3040 2906 ac
3069 2835 3220 2908 nul·-

2213 2972 2262 3007 ‚‚
2295 2925 2356 2996 la
2405 2952 2424 2993 ε
2477 2925 2585 2998 sic
2643 2929 2818 3000 enim
2871 2931 3220 3024 concipie-

2210 3071 2258 3105 „
2292 3025 2450 3094 bant
2480 3031 3052 3118 argumentum-Si
3066 3046 3220 3103 tem-

2209 3167 2257 3201 „
2282 3134 2447 3217 pore
2476 3126 2708 3193 Leonis
2755 3128 2955 3214 'Nom'
2992 3150 3215 3199 omnes

2206 3263 2256 3298 ,,
2292 3217 2456 3288 tales
2479 3234 2665 3289 erant
2686 3267 2710 3300 ‚
2745 3222 2912 3292 idest
2937 3269 2958 3301 ,
2987 3224 3048 3293 si
3071 3247 3215 3295 om-

2199 3359 2248 3396 „
2275 3338 2386 3384 nes
2433 3314 2552 3386 vel
2591 3318 2947 3387 simoniaci
2969 3337 3158 3390 erant
3185 3369 3208 3403 ‚

2200 3457 2249 3492 ‚‚
2272 3410 2390 3483 vel
2414 3435 2454 3482 a
2486 3414 2870 3511 simoniacis
2896 3419 3210 3497 ordinat&

2195 3553 2250 3588 2,
2279 3511 2551 3604 vos‚qm‘
2571 3532 2744 3581 nunc
2783 3514 2936 3583 estis
2962 3561 2984 3595 ‚
3032 3518 3205 3586 unde

2195 3650 2244 3685 „
2270 3606 2401 3675 huc
2423 3608 2701 3677 venistis
2729 3615 2759 3679 P
2808 3618 2940 3679 Per
2989 3632 3151 3707 quos
3176 3659 3198 3693 ‚
3256 3623 3262 3630 ’

2185 3748 2234 3783 ,,
2264 3703 2395 3777 nisi
2409 3719 2534 3799 per
2545 3704 2697 3774 illos
2710 3709 3199 3780 transistis?non

2182 3843 2234 3880 2,
2254 3798 2393 3887 fuit
2444 3802 2566 3872 via
2639 3802 2907 3875 aliunde
2931 3853 2954 3875 .
3016 3816 3198 3899 Ergo

2185 3941 2234 3976 ,‚
2259 3893 2385 3978 illi,
2451 3900 2525 3968 uu·
2542 3921 2663 3971 vos
2690 3903 3194 3985 ordinaverunt,

2183 4038 2234 4073 2,
2261 3992 2564 4078 abilis,
2610 4012 2678 4067 et
2725 4022 2854 4068 non
2900 3997 2987 4069 ab
3041 4000 3198 4088 aliis

2185 4135 2236 4171 ‚‚
2269 4115 2418 4162 suos
2443 4094 2717 4164 Ordines
2744 4111 3193 4192 susceperunt,

2183 4232 2236 4271 ‚,
2264 4191 2382 4284 qm·
2426 4191 2544 4262 vel
2573 4193 2926 4263 SImoniacn‘
2956 4212 3144 4266 erant
3168 4242 3193 4276 ,

2183 4329 2234 4366 ,‚
2263 4285 2380 4357 vel
2418 4310 2462 4357 a
2491 4290 2877 4360 simoniacis
2901 4293 3195 4365 ordinati

2182 4426 2234 4463 „
2258 4398 2449 4454 erant
2472 4431 2497 4454 .
2553 4384 2789 4468 Hujus
2837 4412 3195 4481 argumen-

2182 4523 2234 4562 2,
2262 4479 2532 4551 tationis
2587 4482 2918 4556 dilutione
2973 4487 3196 4561 noluit

2181 4620 2232 4659 „
2259 4578 2565 4649 S.Bruno
2597 4582 3006 4654 intercidere
3033 4609 3197 4671 nar-2

2175 4714 2231 4758 2,
2259 4674 2587 4747 rationem
2655 4696 3000 4773 gestorum
3040 4682 3196 4755 Sana

2172 4806 2224 4856 ‚·,
2253 4772 2344 4845 cti
2378 4774 2623 4846 Leonis
2655 4804 2677 4847 ε
2723 4780 2839 4848 sed
2867 4780 3022 4849 data
3055 4781 3199 4854 fide.

2171 4914 2223 4954 „
2259 4872 2558 4952 eiusdem
2591 4895 2924 4947 :seorsum
2959 4876 3206 4951 discu-.

1063 4991 1114 5028 υ
1143 4956 1245 5031 sia
1269 5003 1296 5040 ‚
1343 4982 1436 5034 eo
1464 4971 1666 5059 quod
1685 5013 1712 5051 ,
1753 4986 1832 5043 ut
1856 4970 1957 5056 ait
1979 4969 2073 5045 -iu
2167 5011 2221 5051 n
2248 4968 2510 5079 niente,
2551 4973 2846 5051 confecit
2880 4998 3031 5068 cml
3090 4978 3207 5067 Φ.
