4284 6125
554 1340 640 1431 tqo
788 1331 1056 1397 orvnronunt
1080 1328 1364 1397 oneror-ononi

552 1456 707 1523 stratur
728 1456 819 1515 esse
836 1429 1184 1541 iteratum,quod
1206 1428 1390 1515 nescitur
1419 1423 1618 1520 factum}

552 1550 784 1668 Quomodo
802 1573 902 1663 ergo
923 1574 1068 1631 verum
1088 1567 1177 1645 est,
1210 1548 1323 1660 quod
1344 1546 1445 1632 nulli
1467 1547 1619 1635 Sacra·

549 1690 699 1758 mento
733 1665 886 1776 iniuria
903 1662 1091 1750 facienda
1116 1662 1210 1751 siti
1243 1663 1447 1752 Similiter
1471 1693 1616 1757 autem

549 1793 663 1903 quod
703 1783 953 1876 Cbrismatis
989 1783 1257 1900 consignatio
1310 1782 1503 1872 reiterari
1537 1788 1612 1871 de·

547 1910 646 1994 beat
682 1965 696 2005 ,
744 1902 1017 2014 subsequenti
1054 1903 1307 1990 Sanctorum
1354 1903 1612 1991 auctoritate

546 2028 753 2144 probatur
773 2026 846 2138 (r)
866 2053 878 2107 r
909 2022 978 2106 De
1007 2051 1088 2132 qua
1107 2022 1306 2108 videlicet
1324 2022 1613 2142 consignatio·

545 2178 601 2234 ne
627 2142 835 2235 Eusebius
865 2145 974 2254 Papa
1006 2141 1065 2228 sic
1098 2141 1157 2225 ait
1176 2142 1282 2262 (2):
1320 2203 1350 2242 ,‚
1367 2143 1609 2232 Haereticos

546 2325 580 2367 „
611 2290 782 2358 omnes,
799 2260 1054 2374 quicumque
1082 2260 1165 2346 Dei
1184 2259 1314 2378 gratia
1334 2265 1382 2345 ad
1403 2262 1485 2347 Dei
1517 2292 1608 2377 gra·

545 2442 578 2486 „
609 2383 706 2468 tiam
726 2381 800 2498 (3)
821 2402 1162 2479 convertuntur,
1196 2411 1238 2470 et
1264 2380 1307 2465 in
1330 2380 1496 2468 Sanctae
1511 2380 1608 2467 Tri·

545 2562 580 2606 „
611 2499 753 2586 nitatis
783 2498 957 2587 nomine
986 2502 1205 2588 credentes
1243 2499 1442 2612 baptizati
1476 2524 1606 2601 sunt,

544 2681 577 2725 „
607 2623 814 2707 Romanae
833 2619 1031 2706 Ecclesiae
1053 2623 1235 2734 reguiam
1272 2645 1497 2719 tenentes,
1529 2648 1607 2733 per

543 2799 577 2841 „
607 2769 751 2826 manus
777 2737 1098 2856 impositionem
1117 2740 1193 2856 (4)
1210 2739 1477 2827 reconciliari
1497 2769 1605 2852 prae·

542 2878 576 2961 3,
607 2857 833 2976 cipimus„
854 2922 865 2957 ·.
897 2859 949 2968 Et
977 2886 1077 2947 mox
1093 2862 1144 2946 de
1165 2891 1245 2980 qua
1266 2889 1409 2949 manus
1431 2857 1604 2976 imposi-

569 3072 625 3160 (1)
648 3066 755 3138 Editt.
764 3065 986 3163 probabitur.
1076 3153 1078 3158 ,
1106 3119 1130 3154 ,,
1146 3068 1312 3142 stolorum
1333 3069 1373 3142 ab
1388 3065 1461 3137 aliis
1476 3116 1485 3143 r
1501 3090 1604 3160 quam

575 3169 629 3255 (2)
658 3163 737 3235 Sive
767 3183 888 3237 auctor
915 3167 1054 3258 Episto·
1104 3217 1128 3252 ,‚
1144 3170 1185 3240 ab
1214 3166 1295 3261 ipsis
1321 3165 1499 3256 Apostolis
1520 3164 1604 3257 legi·

462 3327 467 3339 .
548 3262 588 3336 lac
610 3263 684 3334 111.
709 3264 744 3334 S.
759 3262 907 3337 Eusebio
933 3267 1053 3339 Primo
1102 3315 1127 3350 „
1144 3284 1221 3350 tur,
1237 3285 1295 3338 aut
1307 3266 1412 3339 scitur
1427 3280 1603 3355 peractum

544 3362 1051 3453 suppositaeTom.1.Collect.
1103 3390 1215 3454 „esse
1250 3394 1259 3435 ε
1289 3386 1398 3459 nrquc
1433 3363 1473 3436 ab
1504 3359 1602 3442 aliis,

544 3457 696 3528 Concill.
712 3455 781 3549 col.
800 3480 905 3554 1415·
929 3512 954 3543 „
973 3465 1055 3534 H'ae-
1102 3513 1127 3547 „
1140 3477 1153 3553 (
1168 3464 1256 3535 sicut
1282 3466 1348 3546 iam
1376 3459 1503 3532 dictum
1522 3463 1601 3547 cst)

541 3601 569 3636 „
587 3552 711 3622 reticos
726 3575 868 3635 omnes,
892 3558 1052 3647 quicum·
1104 3585 1241 3650 „quam
1256 3563 1297 3629 ab
1313 3557 1391 3638 illis,
1406 3556 1465 3648 qui
1479 3577 1599 3624 eorum

542 3696 568 3733 „
585 3667 652 3739 que
679 3645 748 3714 Dei
764 3650 874 3739 gratia
900 3674 1049 3722 conver·
1101 3701 1127 3736 „
1145 3654 1258 3724 locum
1283 3670 1426 3729 tenent,
1450 3672 1597 3739 unquam

541 3796 568 3835 ,‚
585 3759 724 3826 tuntur,
741 3759 775 3812 et
792 3741 825 3813 in
838 3744 964 3817 Sanctae
973 3744 1049 3815 Tri·
1099 3795 1124 3830 ‚,
1143 3748 1260 3841 perfici
1279 3765 1393 3840 potest
1419 3794 1429 3826 ,
1446 3763 1504 3813 aut
1520 3743 1595 3817 fieri

538 3895 566 3931 „
582 3840 696 3915 nitatis
715 3838 852 3915 nomine
870 3845 1045 3915 credentes
1097 3893 1124 3929 „
1140 3846 1269 3916 debet.
1292 3844 1408 3925 Nam,
1441 3841 1468 3911 si
1496 3839 1596 3913 aliter

538 3938 748 4031 „baptizati
763 3956 841 4010 sunt
856 3989 867 4023 ,
884 3940 1046 4012 Romanae
1095 3991 1119 4026 „
1137 3959 1377 4035 praesumptunr
1401 3939 1529 4020 fucrit,
1545 3940 1594 4011 ir·

539 4034 739 4127 „Ecclesiae
754 4035 904 4131 regulam
930 4056 1045 4111 tenen·
1095 4090 1120 4124 ‚‚
1136 4040 1238 4111 ritum
1269 4042 1457 4119 habeatur,
1487 4057 1519 4108 et
1535 4063 1594 4108 va·

538 4185 565 4225 „
580 4142 653 4217 tc's,
679 4156 742 4229 per
767 4159 884 4208 manus
904 4136 1044 4229 imposi·
1093 4187 1117 4222 „
1132 4160 1260 4221 cuum,
1288 4160 1350 4209 nec
1370 4137 1457 4207 inter
1478 4135 1594 4207 Eccle-

535 4232 705 4323 „tionem
727 4233 938 4305 reconciliari
958 4256 1042 4328 prae-
1089 4283 1115 4319 ,‚
1130 4234 1263 4307 sinstica
1280 4258 1426 4328 unquam
1454 4252 1594 4325 reputa·

535 4384 563 4420 „
578 4328 723 4422 cipimus
738 4377 748 4399 .
764 4331 884 4403 Manus
900 4355 1040 4426 quoque
1090 4381 1115 4418 „
1133 4333 1228 4405 bitur
1242 4336 1492 4412 Sacramenta„
1510 4380 1521 4402 .

535 4426 806 4519 „impositionis
850 4451 1040 4501 sacramen·
1115 4435 1248 4522 (fiad
1265 4433 1328 4501 Dei
1341 4431 1488 4524 gratiam
1523 4452 1591 4500 non

478 4572 480 4576 >
536 4542 652 4614 „tum
682 4548 803 4619 magna
815 4528 1038 4599 veneratione
1088 4528 1216 4626 legitur
1234 4529 1388 4602 inEditt.

475 4648 477 4651 ·
533 4634 560 4711 ,5
574 4624 755 4695 tenendum
771 4641 845 4706 est,
871 4628 965 4719 quod
995 4628 1036 4697 ab
1115 4636 1173 4725 (4)
1194 4628 1285 4701 Edit.
1299 4626 1386 4696 Vrn.
1413 4639 1448 4697 et
1478 4624 1590 4714 Lngd.

532 4742 558 4807 ,5
573 4717 647 4790 aliis
677 4720 793 4812 perfici
812 4744 878 4793 non
895 4742 1038 4817 potest,
1091 4750 1154 4822 per
1173 4748 1323 4798 errorem
1455 4719 1590 4817 imposi-

526 4865 557 4905 ‚,
573 4815 1044 4894 nisiaSummisSacerdoti··
1088 4825 1212 4902 tionem
1226 4818 1588 4921 loquereturadinnxr'r·

529 4965 557 5008 „
569 4916 631 4991 bus
643 4965 655 4988 .
668 4916 744 4992 Nec
763 4936 917 5016 tempore
931 4923 1032 5019 Apo·
