<?xml version="1.0" encoding="UTF-8"?>
<!DOCTYPE html PUBLIC "-//W3C//DTD XHTML 1.0 Transitional//EN"
    "http://www.w3.org/TR/xhtml1/DTD/xhtml1-transitional.dtd">
<html xmlns="http://www.w3.org/1999/xhtml" xml:lang="en" lang="en">
 <head>
  <title>
</title>
<meta http-equiv="Content-Type" content="text/html;charset=utf-8" />
  <meta name='ocr-system' content='tesseract 3.04.00' />
  <meta name='ocr-capabilities' content='ocr_page ocr_carea ocr_par ocr_line ocrx_word'/>
</head>
<body>
  <div class='ocr_page' id='page_1' title='image "./ssecclesirituum00unkngoog_0284.png"; bbox 0 0 4284 6125; ppageno 0'>
   <div class='ocr_carea' id='block_1_1' title="bbox 1596 1417 2495 1485">
    <p class='ocr_par' dir='ltr' id='par_1_1' title="bbox 1596 1417 2495 1485">
     <span class='ocr_line' id='line_1_1' title="bbox 1596 1417 2495 1485; baseline -0.001 0"><span class='ocrx_word' id='word_1_1' title='bbox 1596 1417 2495 1485; x_wconf 67' lang='lat' dir='ltr'><em>Exrtch‘rIO.</em></span> 
     </span>
    </p>
   </div>
   <div class='ocr_carea' id='block_1_2' title="bbox 2935 1427 3112 1520">
    <p class='ocr_par' dir='ltr' id='par_1_2' title="bbox 2935 1427 3112 1520">
     <span class='ocr_line' id='line_1_2' title="bbox 2935 1427 3112 1520; baseline 0.011 -2"><span class='ocrx_word' id='word_1_2' title='bbox 2935 1427 3112 1520; x_wconf 78' lang='lat'><em>255</em></span> 
     </span>
    </p>
   </div>
   <div class='ocr_carea' id='block_1_3' title="bbox 951 1512 3196 2713">
    <p class='ocr_par' dir='ltr' id='par_1_3' title="bbox 951 1512 3196 2713">
     <span class='ocr_line' id='line_1_3' title="bbox 959 1512 3119 1639; baseline 0.001 -33"><span class='ocrx_word' id='word_1_3' title='bbox 959 1521 1453 1606; x_wconf 78' lang='lat' dir='ltr'><strong>Autumnus</strong></span> <span class='ocrx_word' id='word_1_4' title='bbox 1488 1542 1768 1605; x_wconf 86' lang='lat' dir='ltr'><em>autem</em></span> <span class='ocrx_word' id='word_1_5' title='bbox 1799 1518 2279 1605; x_wconf 88' lang='lat' dir='ltr'><em>ubertatem</em></span> <span class='ocrx_word' id='word_1_6' title='bbox 2324 1518 2624 1602; x_wconf 89' lang='lat' dir='ltr'><em>domus</em></span> <span class='ocrx_word' id='word_1_7' title='bbox 2657 1512 2826 1604; x_wconf 82' lang='lat' dir='ltr'><em>D&#39;ei</em></span> <span class='ocrx_word' id='word_1_8' title='bbox 2857 1578 2884 1618; x_wconf 89' lang='lat'><strong>,</strong></span> <span class='ocrx_word' id='word_1_9' title='bbox 2953 1553 3119 1639; x_wconf 82' lang='lat' dir='ltr'><em>qua</em></span> 
     </span>
     <span class='ocr_line' id='line_1_4' title="bbox 960 1635 3111 1757; baseline 0.004 -33"><span class='ocrx_word' id='word_1_10' title='bbox 960 1635 1442 1726; x_wconf 82' lang='lat' dir='ltr'><em>inebriandi</em></span> <span class='ocrx_word' id='word_1_11' title='bbox 1477 1666 1823 1736; x_wconf 88' lang='lat' dir='ltr'><em>sumus,</em></span> <span class='ocrx_word' id='word_1_12' title='bbox 1860 1635 2335 1752; x_wconf 84' lang='lat' dir='ltr'><em>significat.</em></span> <span class='ocrx_word' id='word_1_13' title='bbox 2392 1640 2508 1725; x_wconf 90' lang='lat' dir='ltr'><em>Et</em></span> <span class='ocrx_word' id='word_1_14' title='bbox 2543 1635 2768 1725; x_wconf 88' lang='lat' dir='ltr'><em>sicut</em></span> <span class='ocrx_word' id='word_1_15' title='bbox 2802 1639 3111 1757; x_wconf 84' lang='lat' dir='ltr'><em>legitur</em></span> 
     </span>
     <span class='ocr_line' id='line_1_5' title="bbox 961 1755 3105 1898; baseline -0.002 -51"><span class='ocrx_word' id='word_1_16' title='bbox 961 1758 1052 1847; x_wconf 89' lang='lat' dir='ltr'><em>in</em></span> <span class='ocrx_word' id='word_1_17' title='bbox 1092 1755 1615 1874; x_wconf 84' lang='lat' dir='ltr'>Apocalypsi</span> <span class='ocrx_word' id='word_1_18' title='bbox 1649 1759 1855 1875; x_wconf 90' lang='lat'><em>(1).</em></span> <span class='ocrx_word' id='word_1_19' title='bbox 1921 1757 2172 1842; x_wconf 83' lang='lat' dir='ltr'><em>Plena</em></span> <span class='ocrx_word' id='word_1_20' title='bbox 2241 1756 2398 1842; x_wconf 84' lang='lat' dir='ltr'><em>erit</em></span> <span class='ocrx_word' id='word_1_21' title='bbox 2429 1756 2795 1857; x_wconf 76' lang='lat' dir='ltr'><em>messiO,</em></span> <span class='ocrx_word' id='word_1_22' title='bbox 2835 1760 3007 1853; x_wconf 66' lang='grc' dir='ltr'><em>(γ’</em></span> <span class='ocrx_word' id='word_1_23' title='bbox 2927 1796 3105 1898; x_wconf 37' lang='lat' dir='ltr'><em>‘Ju-</em></span> 
     </span>
     <span class='ocr_line' id='line_1_6' title="bbox 958 1877 3196 2001; baseline 0.002 -36"><span class='ocrx_word' id='word_1_24' title='bbox 958 1878 1141 1966; x_wconf 84' lang='lat' dir='ltr'><em>dice</em></span> <span class='ocrx_word' id='word_1_25' title='bbox 1153 1877 1694 1965; x_wconf 79' lang='lat' dir='ltr'><em>ventilabrum</em></span> <span class='ocrx_word' id='word_1_26' title='bbox 1709 1896 2028 1964; x_wconf 82' lang='lat' dir='ltr'><em>tenente</em></span> <span class='ocrx_word' id='word_1_27' title='bbox 2030 1878 2296 1993; x_wconf 67' lang='lat' dir='ltr'><em>palea·</em></span> <span class='ocrx_word' id='word_1_28' title='bbox 2324 1878 2948 1964; x_wconf 80' lang='lat' dir='ltr'><em>comburentur</em></span> <span class='ocrx_word' id='word_1_29' title='bbox 2915 1912 3108 2001; x_wconf 71' lang='lat' dir='ltr'><em>igne</em></span> <span class='ocrx_word' id='word_1_30' title='bbox 3186 1977 3196 1992; x_wconf 59' lang='grc'><strong><em>,</em></strong></span> 
     </span>
     <span class='ocr_line' id='line_1_7' title="bbox 955 1996 3103 2136; baseline 0.003 -53"><span class='ocrx_word' id='word_1_31' title='bbox 955 1996 1577 2136; x_wconf 75' lang='lat' dir='ltr'><em>inextinguibili</em></span> <span class='ocrx_word' id='word_1_32' title='bbox 1603 2056 1668 2096; x_wconf 90' lang='grc'><em>,</em></span> <span class='ocrx_word' id='word_1_33' title='bbox 1684 2021 1954 2114; x_wconf 82' lang='lat' dir='ltr'><em>grana</em></span> <span class='ocrx_word' id='word_1_34' title='bbox 1997 2024 2187 2082; x_wconf 83' lang='lat' dir='ltr'><em>vero</em></span> <span class='ocrx_word' id='word_1_35' title='bbox 2218 1998 2731 2083; x_wconf 80' lang='lat' dir='ltr'><strong><em>condentur</em></strong></span> <span class='ocrx_word' id='word_1_36' title='bbox 2699 2029 2782 2082; x_wconf 85' lang='lat' dir='ltr'><em>m</em></span> <span class='ocrx_word' id='word_1_37' title='bbox 2814 2002 3103 2090; x_wconf 78' lang='lat' dir='ltr'><em>horrea</em></span> 
     </span>
     <span class='ocr_line' id='line_1_8' title="bbox 966 2113 3110 2234; baseline -0 -28"><span class='ocrx_word' id='word_1_38' title='bbox 966 2137 1287 2207; x_wconf 79' lang='lat' dir='ltr'><em>aeternae</em></span> <span class='ocrx_word' id='word_1_39' title='bbox 1318 2115 1844 2204; x_wconf 80' lang='lat' dir='ltr'><em>beatitudinis</em></span> <span class='ocrx_word' id='word_1_40' title='bbox 1868 2173 1896 2215; x_wconf 89' lang='lat'><strong>,</strong></span> <span class='ocrx_word' id='word_1_41' title='bbox 1955 2116 2181 2202; x_wconf 89' lang='lat' dir='ltr'><em>unde</em></span> <span class='ocrx_word' id='word_1_42' title='bbox 2215 2113 2530 2203; x_wconf 87' lang='lat' dir='ltr'><em>dicitur</em></span> <span class='ocrx_word' id='word_1_43' title='bbox 2569 2117 2775 2234; x_wconf 84' lang='lat'><em>(2).</em></span> <span class='ocrx_word' id='word_1_44' title='bbox 2827 2117 3110 2234; x_wconf 85' lang='lat' dir='ltr'><em>Imple-</em></span> 
     </span>
     <span class='ocr_line' id='line_1_9' title="bbox 951 2235 3106 2335; baseline 0.001 -11"><span class='ocrx_word' id='word_1_45' title='bbox 951 2240 1275 2326; x_wconf 81' lang='lat' dir='ltr'><em>buntur</em></span> <span class='ocrx_word' id='word_1_46' title='bbox 1302 2242 1586 2325; x_wconf 79' lang='lat' dir='ltr'><em>horrea</em></span> <span class='ocrx_word' id='word_1_47' title='bbox 1619 2258 1763 2326; x_wconf 84' lang='lat' dir='ltr'><em>tua</em></span> <span class='ocrx_word' id='word_1_48' title='bbox 1795 2235 2280 2335; x_wconf 77' lang='lat' dir='ltr'><em>saturitate,</em></span> <span class='ocrx_word' id='word_1_49' title='bbox 2314 2237 2408 2333; x_wconf 69' lang='lat' dir='ltr'><em>b·</em></span> <span class='ocrx_word' id='word_1_50' title='bbox 2431 2235 2615 2323; x_wconf 84' lang='lat' dir='ltr'><em>vino</em></span> <span class='ocrx_word' id='word_1_51' title='bbox 2656 2240 3106 2327; x_wconf 81' lang='lat' dir='ltr'><em>torcularia</em></span> 
     </span>
     <span class='ocr_line' id='line_1_10' title="bbox 970 2352 3105 2470; baseline 0 -28"><span class='ocrx_word' id='word_1_52' title='bbox 970 2359 1597 2444; x_wconf 81' lang='lat' dir='ltr'><em>redundabunt.</em></span> <span class='ocrx_word' id='word_1_53' title='bbox 1663 2355 1877 2443; x_wconf 87' lang='lat' dir='ltr'><em>Tres</em></span> <span class='ocrx_word' id='word_1_54' title='bbox 1969 2384 2330 2470; x_wconf 83' lang='lat' dir='ltr'><em>namque</em></span> <span class='ocrx_word' id='word_1_55' title='bbox 2389 2353 2565 2441; x_wconf 88' lang='lat' dir='ltr'><em>dies</em></span> <span class='ocrx_word' id='word_1_56' title='bbox 2633 2352 3105 2467; x_wconf 71' lang='lat' dir='ltr'><strong>jejunamus</strong></span> 
     </span>
     <span class='ocr_line' id='line_1_11' title="bbox 975 2474 3104 2597; baseline 0.001 -37"><span class='ocrx_word' id='word_1_57' title='bbox 975 2499 1338 2592; x_wconf 87' lang='lat' dir='ltr'><em>propter</em></span> <span class='ocrx_word' id='word_1_58' title='bbox 1373 2477 1622 2564; x_wconf 88' lang='lat' dir='ltr'><em>fidem</em></span> <span class='ocrx_word' id='word_1_59' title='bbox 1656 2477 1991 2565; x_wconf 73' lang='lat' dir='ltr'><em>Sanctae</em></span> <span class='ocrx_word' id='word_1_60' title='bbox 2022 2474 2470 2562; x_wconf 84' lang='lat' dir='ltr'><em>Trinitatis</em></span> <span class='ocrx_word' id='word_1_61' title='bbox 2507 2534 2533 2574; x_wconf 89' lang='lat'><strong>‚</strong></span> <span class='ocrx_word' id='word_1_62' title='bbox 2570 2475 2701 2561; x_wconf 87' lang='lat' dir='ltr'><em>vel</em></span> <span class='ocrx_word' id='word_1_63' title='bbox 2741 2496 3104 2597; x_wconf 78' lang='lat' dir='ltr'><em>propter</em></span> 
     </span>
     <span class='ocr_line' id='line_1_12' title="bbox 982 2592 3114 2713; baseline 0 -33"><span class='ocrx_word' id='word_1_64' title='bbox 982 2618 1153 2682; x_wconf 88' lang='lat' dir='ltr'><em>tres</em></span> <span class='ocrx_word' id='word_1_65' title='bbox 1212 2623 1599 2697; x_wconf 86' lang='lat' dir='ltr'><em>menses,</em></span> <span class='ocrx_word' id='word_1_66' title='bbox 1661 2595 1808 2713; x_wconf 90' lang='lat' dir='ltr'><em>qui</em></span> <span class='ocrx_word' id='word_1_67' title='bbox 1868 2619 2067 2682; x_wconf 88' lang='lat' dir='ltr'><em>sunt</em></span> <span class='ocrx_word' id='word_1_68' title='bbox 2127 2594 2217 2682; x_wconf 92' lang='lat' dir='ltr'><em>in</em></span> <span class='ocrx_word' id='word_1_69' title='bbox 2274 2592 2664 2708; x_wconf 87' lang='lat' dir='ltr'><em>quolibet</em></span> <span class='ocrx_word' id='word_1_70' title='bbox 2695 2594 2844 2710; x_wconf 85' lang='lat'><em>(3)</em></span> <span class='ocrx_word' id='word_1_71' title='bbox 2899 2619 3114 2681; x_wconf 56' lang='lat' dir='ltr'><em>tem-s</em></span> 
     </span>
    </p>
   </div>
   <div class='ocr_carea' id='block_1_4' title="bbox 953 2840 1991 4111">
    <p class='ocr_par' dir='ltr' id='par_1_4' title="bbox 953 2840 1991 4111">
     <span class='ocr_line' id='line_1_13' title="bbox 1031 2840 1988 2935; baseline 0.003 -25"><span class='ocrx_word' id='word_1_72' title='bbox 1031 2843 1141 2926; x_wconf 82' lang='lat'><em>(1)</em></span> <span class='ocrx_word' id='word_1_73' title='bbox 1166 2840 1556 2935; x_wconf 81' lang='lat' dir='ltr'><em>Apocalyp.</em></span> <span class='ocrx_word' id='word_1_74' title='bbox 1562 2860 1728 2913; x_wconf 86' lang='lat' dir='ltr'><strong>x1v.</strong></span> <span class='ocrx_word' id='word_1_75' title='bbox 1732 2862 1875 2915; x_wconf 86' lang='lat' dir='ltr'><em>ver.</em></span> <span class='ocrx_word' id='word_1_76' title='bbox 1882 2859 1988 2930; x_wconf 82' lang='grc' dir='ltr'><strong>ις.</strong></span> 
     </span>
     <span class='ocr_line' id='line_1_14' title="bbox 974 2939 1984 3027; baseline 0.005 -21"><span class='ocrx_word' id='word_1_77' title='bbox 974 2939 1174 3010; x_wconf 77' lang='lat' dir='ltr'><em>Mitte</em></span> <span class='ocrx_word' id='word_1_78' title='bbox 1193 2939 1440 3027; x_wconf 82' lang='lat' dir='ltr'><em>falcem</em></span> <span class='ocrx_word' id='word_1_79' title='bbox 1466 2955 1677 3021; x_wconf 82' lang='lat' dir='ltr'><em>tuam,</em></span> <span class='ocrx_word' id='word_1_80' title='bbox 1698 2955 1763 3010; x_wconf 87' lang='lat' dir='ltr'><em>et</em></span> <span class='ocrx_word' id='word_1_81' title='bbox 1790 2955 1984 3025; x_wconf 74' lang='lat' dir='ltr'><em>mete,</em></span> 
     </span>
     <span class='ocr_line' id='line_1_15' title="bbox 974 3035 1991 3133; baseline 0.008 -29"><span class='ocrx_word' id='word_1_82' title='bbox 974 3035 1133 3133; x_wconf 84' lang='lat' dir='ltr'><em>quia</em></span> <span class='ocrx_word' id='word_1_83' title='bbox 1165 3039 1354 3111; x_wconf 78' lang='lat' dir='ltr'><em>venit</em></span> <span class='ocrx_word' id='word_1_84' title='bbox 1381 3037 1547 3109; x_wconf 86' lang='lat' dir='ltr'><em>hora</em></span> <span class='ocrx_word' id='word_1_85' title='bbox 1579 3085 1601 3119; x_wconf 89' lang='lat'>‚</span> <span class='ocrx_word' id='word_1_86' title='bbox 1657 3052 1732 3110; x_wconf 88' lang='lat' dir='ltr'><em>ut</em></span> <span class='ocrx_word' id='word_1_87' title='bbox 1782 3055 1991 3112; x_wconf 88' lang='lat' dir='ltr'><em>meta·</em></span> 
     </span>
     <span class='ocr_line' id='line_1_16' title="bbox 977 3134 1990 3249; baseline 0.008 -48"><span class='ocrx_word' id='word_1_88' title='bbox 977 3149 1139 3214; x_wconf 85' lang='lat' dir='ltr'><em>tur,</em></span> <span class='ocrx_word' id='word_1_89' title='bbox 1195 3137 1526 3249; x_wconf 85' lang='lat' dir='ltr'><em>quoniam</em></span> <span class='ocrx_word' id='word_1_90' title='bbox 1541 3134 1728 3206; x_wconf 87' lang='lat' dir='ltr'><em>aruit</em></span> <span class='ocrx_word' id='word_1_91' title='bbox 1765 3140 1990 3209; x_wconf 86' lang='lat' dir='ltr'><em>messis</em></span> 
     </span>
     <span class='ocr_line' id='line_1_17' title="bbox 977 3231 1988 3330; baseline 0.007 -31"><span class='ocrx_word' id='word_1_92' title='bbox 977 3244 1213 3301; x_wconf 85' lang='lat' dir='ltr'><em>terrae.</em></span> <span class='ocrx_word' id='word_1_93' title='bbox 1265 3242 1353 3302; x_wconf 82' lang='lat' dir='ltr'><em>Et</em></span> <span class='ocrx_word' id='word_1_94' title='bbox 1376 3232 1604 3312; x_wconf 88' lang='lat' dir='ltr'><em>misit,</em></span> <span class='ocrx_word' id='word_1_95' title='bbox 1656 3231 1776 3330; x_wconf 86' lang='lat' dir='ltr'><em>qui</em></span> <span class='ocrx_word' id='word_1_96' title='bbox 1806 3237 1988 3307; x_wconf 79' lang='lat' dir='ltr'><em>sede-</em></span> 
     </span>
     <span class='ocr_line' id='line_1_18' title="bbox 978 3326 1985 3423; baseline 0.009 -26"><span class='ocrx_word' id='word_1_97' title='bbox 978 3326 1094 3397; x_wconf 87' lang='lat' dir='ltr'><em>bat</em></span> <span class='ocrx_word' id='word_1_98' title='bbox 1144 3344 1343 3423; x_wconf 81' lang='lat' dir='ltr'><em>super</em></span> <span class='ocrx_word' id='word_1_99' title='bbox 1395 3328 1683 3413; x_wconf 78' lang='lat' dir='ltr'><em>nubem,</em></span> <span class='ocrx_word' id='word_1_100' title='bbox 1738 3331 1985 3418; x_wconf 83' lang='lat' dir='ltr'><em>falcem</em></span> 
     </span>
     <span class='ocr_line' id='line_1_19' title="bbox 975 3428 1985 3509; baseline 0.009 -15"><span class='ocrx_word' id='word_1_101' title='bbox 975 3446 1165 3494; x_wconf 84' lang='lat' dir='ltr'><em>suam</em></span> <span class='ocrx_word' id='word_1_102' title='bbox 1215 3428 1283 3495; x_wconf 93' lang='lat' dir='ltr'><em>in</em></span> <span class='ocrx_word' id='word_1_103' title='bbox 1312 3441 1557 3498; x_wconf 82' lang='lat' dir='ltr'><em>terram</em></span> <span class='ocrx_word' id='word_1_104' title='bbox 1584 3473 1609 3509; x_wconf 87' lang='lat'>‚</span> <span class='ocrx_word' id='word_1_105' title='bbox 1641 3442 1713 3499; x_wconf 84' lang='lat' dir='ltr'><em>et</em></span> <span class='ocrx_word' id='word_1_106' title='bbox 1737 3432 1985 3503; x_wconf 81' lang='lat' dir='ltr'><em>demes·-</em></span> 
     </span>
     <span class='ocr_line' id='line_1_20' title="bbox 977 3522 1983 3621; baseline 0.014 -33"><span class='ocrx_word' id='word_1_107' title='bbox 977 3545 1051 3590; x_wconf 88' lang='lat' dir='ltr'><em>sa</em></span> <span class='ocrx_word' id='word_1_108' title='bbox 1079 3536 1179 3589; x_wconf 87' lang='lat' dir='ltr'><em>est</em></span> <span class='ocrx_word' id='word_1_109' title='bbox 1204 3538 1423 3594; x_wconf 86' lang='lat' dir='ltr'><em>terra.</em></span> <span class='ocrx_word' id='word_1_110' title='bbox 1452 3522 1706 3621; x_wconf 63' lang='lat' dir='ltr'><em>Mattb.</em></span> <span class='ocrx_word' id='word_1_111' title='bbox 1707 3530 1833 3601; x_wconf 82' lang='lat'><em>111.</em></span> <span class='ocrx_word' id='word_1_112' title='bbox 1867 3552 1896 3601; x_wconf 91' lang='lat'>1</span> <span class='ocrx_word' id='word_1_113' title='bbox 1917 3553 1983 3600; x_wconf 73' lang='grc' dir='ltr'><strong>ι.</strong></span> 
     </span>
     <span class='ocr_line' id='line_1_21' title="bbox 981 3617 1988 3710; baseline 0.008 -22"><span class='ocrx_word' id='word_1_114' title='bbox 981 3621 1180 3702; x_wconf 81' lang='lat' dir='ltr'><em>cujus</em></span> <span class='ocrx_word' id='word_1_115' title='bbox 1199 3617 1650 3694; x_wconf 77' lang='lat' dir='ltr'><em>ventilabrum</em></span> <span class='ocrx_word' id='word_1_116' title='bbox 1688 3628 1756 3710; x_wconf 83' lang='lat' dir='ltr'><em>in</em></span> <span class='ocrx_word' id='word_1_117' title='bbox 1784 3648 1988 3704; x_wconf 85' lang='lat' dir='ltr'><em>manu</em></span> 
     </span>
     <span class='ocr_line' id='line_1_22' title="bbox 972 3719 1983 3816; baseline 0.006 -28"><span class='ocrx_word' id='word_1_118' title='bbox 972 3740 1145 3788; x_wconf 87' lang='lat' dir='ltr'><em>sua.</em></span> <span class='ocrx_word' id='word_1_119' title='bbox 1177 3732 1244 3787; x_wconf 90' lang='lat' dir='ltr'><em>et</em></span> <span class='ocrx_word' id='word_1_120' title='bbox 1260 3719 1756 3816; x_wconf 76' lang='lat' dir='ltr'><em>permundabit</em></span> <span class='ocrx_word' id='word_1_121' title='bbox 1757 3747 1983 3796; x_wconf 88' lang='lat' dir='ltr'><em>aream</em></span> 
     </span>
     <span class='ocr_line' id='line_1_23' title="bbox 971 3820 1983 3914; baseline 0.008 -30"><span class='ocrx_word' id='word_1_122' title='bbox 971 3837 1210 3885; x_wconf 82' lang='lat' dir='ltr'><em>suam·</em></span> <span class='ocrx_word' id='word_1_123' title='bbox 1239 3832 1306 3887; x_wconf 88' lang='lat' dir='ltr'><em>et</em></span> <span class='ocrx_word' id='word_1_124' title='bbox 1329 3820 1759 3914; x_wconf 79' lang='lat' dir='ltr'><em>congregabit</em></span> <span class='ocrx_word' id='word_1_125' title='bbox 1801 3822 1983 3893; x_wconf 79' lang='lat' dir='ltr'><em>triti-</em></span> 
     </span>
     <span class='ocr_line' id='line_1_24' title="bbox 953 3917 1990 4016; baseline 0.004 -32"><span class='ocrx_word' id='word_1_126' title='bbox 953 3936 1125 3984; x_wconf 81' lang='lat' dir='ltr'><em>.cum</em></span> <span class='ocrx_word' id='word_1_127' title='bbox 1155 3936 1350 3987; x_wconf 84' lang='lat' dir='ltr'><em>suum</em></span> <span class='ocrx_word' id='word_1_128' title='bbox 1386 3917 1456 3986; x_wconf 87' lang='lat' dir='ltr'><em>in</em></span> <span class='ocrx_word' id='word_1_129' title='bbox 1482 3917 1795 3992; x_wconf 84' lang='lat' dir='ltr'><em>borreum</em></span> <span class='ocrx_word' id='word_1_130' title='bbox 1818 3969 1842 4004; x_wconf 89' lang='lat'>‚</span> <span class='ocrx_word' id='word_1_131' title='bbox 1865 3936 1990 4016; x_wconf 81' lang='lat' dir='ltr'><em>pa·-</em></span> 
     </span>
     <span class='ocr_line' id='line_1_25' title="bbox 965 4012 1982 4111; baseline 0.005 -30"><span class='ocrx_word' id='word_1_132' title='bbox 965 4012 1111 4082; x_wconf 73' lang='lat' dir='ltr'><em>leas</em></span> <span class='ocrx_word' id='word_1_133' title='bbox 1163 4029 1387 4086; x_wconf 86' lang='lat' dir='ltr'><em>autem</em></span> <span class='ocrx_word' id='word_1_134' title='bbox 1438 4013 1777 4090; x_wconf 75' lang='lat' dir='ltr'><em>comburet</em></span> <span class='ocrx_word' id='word_1_135' title='bbox 1836 4018 1982 4111; x_wconf 86' lang='lat' dir='ltr'><em>igni</em></span> 
     </span>
    </p>
   </div>
   <div class='ocr_carea' id='block_1_5' title="bbox 2079 2836 3115 4108">
    <p class='ocr_par' dir='ltr' id='par_1_5' title="bbox 2079 2836 3115 3811">
     <span class='ocr_line' id='line_1_26' title="bbox 2086 2836 3114 2951; baseline 0.002 -41"><span class='ocrx_word' id='word_1_136' title='bbox 2086 2890 2136 2926; x_wconf 89' lang='lat'><em>,‚</em></span> <span class='ocrx_word' id='word_1_137' title='bbox 2177 2839 2244 2910; x_wconf 90' lang='lat' dir='ltr'><em>in</em></span> <span class='ocrx_word' id='word_1_138' title='bbox 2278 2836 2474 2951; x_wconf 85' lang='lat' dir='ltr'><em>nobis</em></span> <span class='ocrx_word' id='word_1_139' title='bbox 2531 2853 2971 2912; x_wconf 69' lang='lat' dir='ltr'><em>marcescant.</em></span> <span class='ocrx_word' id='word_1_140' title='bbox 2997 2837 3114 2923; x_wconf 62' lang='lat' dir='ltr'><em>Je-</em></span> 
     </span>
     <span class='ocr_line' id='line_1_27' title="bbox 2082 2935 3108 3049; baseline 0 -40"><span class='ocrx_word' id='word_1_141' title='bbox 2082 2989 2133 3025; x_wconf 86' lang='lat'><strong>„</strong></span> <span class='ocrx_word' id='word_1_142' title='bbox 2161 2940 2350 3023; x_wconf 83' lang='lat' dir='ltr'><em>iuuat</em></span> <span class='ocrx_word' id='word_1_143' title='bbox 2380 2935 2449 3009; x_wconf 90' lang='lat' dir='ltr'><em>in</em></span> <span class='ocrx_word' id='word_1_144' title='bbox 2494 2936 2920 3049; x_wconf 77' lang='lat' dir='ltr'><em>hebdomada</em></span> <span class='ocrx_word' id='word_1_145' title='bbox 2941 2937 3108 3021; x_wconf 73' lang='lat' dir='ltr'><em>Pen-</em></span> 
     </span>
     <span class='ocr_line' id='line_1_28' title="bbox 2088 3033 3105 3130; baseline 0.001 -23"><span class='ocrx_word' id='word_1_146' title='bbox 2088 3088 2139 3124; x_wconf 90' lang='lat'><strong>„</strong></span> <span class='ocrx_word' id='word_1_147' title='bbox 2170 3053 2460 3109; x_wconf 87' lang='lat' dir='ltr'><em>tecostes</em></span> <span class='ocrx_word' id='word_1_148' title='bbox 2488 3086 2510 3120; x_wconf 89' lang='lat'>‚</span> <span class='ocrx_word' id='word_1_149' title='bbox 2568 3033 2729 3130; x_wconf 87' lang='lat' dir='ltr'><em>quia</em></span> <span class='ocrx_word' id='word_1_150' title='bbox 2759 3059 2878 3108; x_wconf 86' lang='lat' dir='ltr'><em>nos</em></span> <span class='ocrx_word' id='word_1_151' title='bbox 2909 3037 3105 3110; x_wconf 84' lang='lat' dir='ltr'><em>debe-</em></span> 
     </span>
     <span class='ocr_line' id='line_1_29' title="bbox 2085 3129 3109 3223; baseline -0.006 -15"><span class='ocrx_word' id='word_1_152' title='bbox 2085 3187 2135 3223; x_wconf 86' lang='lat'>„</span> <span class='ocrx_word' id='word_1_153' title='bbox 2173 3135 2322 3207; x_wconf 84' lang='lat' dir='ltr'><em>mus¹</em></span> <span class='ocrx_word' id='word_1_154' title='bbox 2353 3159 2495 3207; x_wconf 87' lang='lat' dir='ltr'><em>esse</em></span> <span class='ocrx_word' id='word_1_155' title='bbox 2528 3129 2833 3215; x_wconf 85' lang='lat' dir='ltr'><em>fervidi,</em></span> <span class='ocrx_word' id='word_1_156' title='bbox 2891 3150 2961 3204; x_wconf 88' lang='lat' dir='ltr'><em>et</em></span> <span class='ocrx_word' id='word_1_157' title='bbox 2993 3155 3109 3203; x_wconf 89' lang='lat' dir='ltr'><em>ro-</em></span> 
     </span>
     <span class='ocr_line' id='line_1_30' title="bbox 2084 3229 3111 3320; baseline -0.006 -16"><span class='ocrx_word' id='word_1_158' title='bbox 2084 3286 2133 3320; x_wconf 87' lang='lat'>„</span> <span class='ocrx_word' id='word_1_159' title='bbox 2164 3229 2348 3304; x_wconf 89' lang='lat' dir='ltr'><em>busti</em></span> <span class='ocrx_word' id='word_1_160' title='bbox 2390 3232 2458 3303; x_wconf 89' lang='lat' dir='ltr'><em>in</em></span> <span class='ocrx_word' id='word_1_161' title='bbox 2486 3229 2868 3311; x_wconf 84' lang='lat' dir='ltr'><em>charitate,</em></span> <span class='ocrx_word' id='word_1_162' title='bbox 2930 3229 3111 3301; x_wconf 87' lang='lat' dir='ltr'><em>sicut</em></span> 
     </span>
     <span class='ocr_line' id='line_1_31' title="bbox 2085 3325 3115 3438; baseline -0.007 -36"><span class='ocrx_word' id='word_1_163' title='bbox 2085 3382 2135 3418; x_wconf 90' lang='lat'><em>,‚</em></span> <span class='ocrx_word' id='word_1_164' title='bbox 2164 3330 2440 3402; x_wconf 86' lang='lat' dir='ltr'><em>fuerunt</em></span> <span class='ocrx_word' id='word_1_165' title='bbox 2472 3325 2792 3438; x_wconf 83' lang='lat' dir='ltr'><em>Apostoli</em></span> <span class='ocrx_word' id='word_1_166' title='bbox 2854 3325 2922 3397; x_wconf 88' lang='lat' dir='ltr'><em>in</em></span> <span class='ocrx_word' id='word_1_167' title='bbox 2955 3326 3115 3397; x_wconf 84' lang='lat' dir='ltr'><em>mis-</em></span> 
     </span>
     <span class='ocr_line' id='line_1_32' title="bbox 2082 3423 3113 3520; baseline -0.006 -20"><span class='ocrx_word' id='word_1_168' title='bbox 2082 3479 2132 3517; x_wconf 88' lang='lat'><strong>„</strong></span> <span class='ocrx_word' id='word_1_169' title='bbox 2167 3425 2355 3500; x_wconf 86' lang='lat' dir='ltr'><em>sione</em></span> <span class='ocrx_word' id='word_1_170' title='bbox 2384 3423 2679 3520; x_wconf 82' lang='lat' dir='ltr'><em>Spiritus</em></span> <span class='ocrx_word' id='word_1_171' title='bbox 2704 3423 2989 3497; x_wconf 86' lang='lat' dir='ltr'><em>Sancti.</em></span> <span class='ocrx_word' id='word_1_172' title='bbox 3006 3424 3113 3507; x_wconf 83' lang='lat' dir='ltr'><em>Je-</em></span> 
     </span>
     <span class='ocr_line' id='line_1_33' title="bbox 2079 3519 3105 3617; baseline -0.004 -19"><span class='ocrx_word' id='word_1_173' title='bbox 2079 3578 2133 3614; x_wconf 90' lang='lat'>„</span> <span class='ocrx_word' id='word_1_174' title='bbox 2158 3528 2348 3610; x_wconf 84' lang='lat' dir='ltr'><em>iunat</em></span> <span class='ocrx_word' id='word_1_175' title='bbox 2375 3524 2444 3595; x_wconf 88' lang='lat' dir='ltr'><em>in</em></span> <span class='ocrx_word' id='word_1_176' title='bbox 2467 3522 2855 3617; x_wconf 85' lang='lat' dir='ltr'><em>Septembri</em></span> <span class='ocrx_word' id='word_1_177' title='bbox 2885 3570 2908 3605; x_wconf 89' lang='lat'><strong>,</strong></span> <span class='ocrx_word' id='word_1_178' title='bbox 2940 3519 3105 3616; x_wconf 77' lang='lat' dir='ltr'><em>quia</em></span> 
     </span>
     <span class='ocr_line' id='line_1_34' title="bbox 2086 3619 3104 3732; baseline -0.007 -35"><span class='ocrx_word' id='word_1_179' title='bbox 2086 3674 2135 3710; x_wconf 92' lang='lat'>„</span> <span class='ocrx_word' id='word_1_180' title='bbox 2164 3640 2324 3696; x_wconf 89' lang='lat' dir='ltr'><em>tunc</em></span> <span class='ocrx_word' id='word_1_181' title='bbox 2346 3619 3052 3732; x_wconf 84' lang='lat' dir='ltr'><em>colligunturfructus</em></span> <span class='ocrx_word' id='word_1_182' title='bbox 3076 3662 3104 3704; x_wconf 81' lang='lat'><strong>,</strong></span> 
     </span>
     <span class='ocr_line' id='line_1_35' title="bbox 2085 3715 3108 3811; baseline -0.005 -19"><span class='ocrx_word' id='word_1_183' title='bbox 2085 3773 2134 3808; x_wconf 90' lang='lat'>„</span> <span class='ocrx_word' id='word_1_184' title='bbox 2166 3737 2235 3792; x_wconf 89' lang='lat' dir='ltr'><em>et</em></span> <span class='ocrx_word' id='word_1_185' title='bbox 2264 3720 2331 3791; x_wconf 91' lang='lat' dir='ltr'><em>in</em></span> <span class='ocrx_word' id='word_1_186' title='bbox 2347 3717 2611 3791; x_wconf 89' lang='lat' dir='ltr'><em>horreis</em></span> <span class='ocrx_word' id='word_1_187' title='bbox 2629 3715 3108 3811; x_wconf 86' lang='lat' dir='ltr'><em>recipiuntur.</em></span> 
     </span>
    </p>

    <p class='ocr_par' dir='ltr' id='par_1_6' title="bbox 2079 3815 3113 4108">
     <span class='ocr_line' id='line_1_36' title="bbox 2084 3815 3109 3906; baseline -0.007 -14"><span class='ocrx_word' id='word_1_188' title='bbox 2084 3870 2136 3906; x_wconf 87' lang='lat'><em>,‚</em></span> <span class='ocrx_word' id='word_1_189' title='bbox 2165 3815 2499 3891; x_wconf 87' lang='lat' dir='ltr'><em>Similiter</em></span> <span class='ocrx_word' id='word_1_190' title='bbox 2574 3837 2696 3886; x_wconf 87' lang='lat' dir='ltr'><em>nos</em></span> <span class='ocrx_word' id='word_1_191' title='bbox 2782 3815 3109 3887; x_wconf 79' lang='lat' dir='ltr'><em>debemus</em></span> 
     </span>
     <span class='ocr_line' id='line_1_37' title="bbox 2083 3914 3110 4010; baseline -0.006 -22"><span class='ocrx_word' id='word_1_192' title='bbox 2083 3967 2135 4003; x_wconf 89' lang='lat'><strong>„</strong></span> <span class='ocrx_word' id='word_1_193' title='bbox 2169 3914 2501 4010; x_wconf 81' lang='lat' dir='ltr'><em>colligere</em></span> <span class='ocrx_word' id='word_1_194' title='bbox 2532 3915 2832 3987; x_wconf 87' lang='lat' dir='ltr'><em>fructum</em></span> <span class='ocrx_word' id='word_1_195' title='bbox 2891 3914 3110 3983; x_wconf 88' lang='lat' dir='ltr'><em>bono-</em></span> 
     </span>
     <span class='ocr_line' id='line_1_38' title="bbox 2079 4009 3113 4108; baseline -0.005 -20"><span class='ocrx_word' id='word_1_196' title='bbox 2079 4066 2131 4102; x_wconf 89' lang='lat'><strong>„</strong></span> <span class='ocrx_word' id='word_1_197' title='bbox 2167 4037 2322 4087; x_wconf 88' lang='lat' dir='ltr'><em>rum</em></span> <span class='ocrx_word' id='word_1_198' title='bbox 2349 4036 2636 4108; x_wconf 87' lang='lat' dir='ltr'><em>operum</em></span> <span class='ocrx_word' id='word_1_199' title='bbox 2669 4059 2691 4093; x_wconf 92' lang='lat'><strong>,</strong></span> <span class='ocrx_word' id='word_1_200' title='bbox 2747 4028 2818 4082; x_wconf 88' lang='lat' dir='ltr'><em>et</em></span> <span class='ocrx_word' id='word_1_201' title='bbox 2882 4009 2950 4081; x_wconf 89' lang='lat' dir='ltr'><em>in</em></span> <span class='ocrx_word' id='word_1_202' title='bbox 2980 4031 3113 4083; x_wconf 82' lang='lat' dir='ltr'><em>cae-</em></span> 
     </span>
    </p>
   </div>
   <div class='ocr_carea' id='block_1_6' title="bbox 977 4109 3105 4207">
    <p class='ocr_par' dir='ltr' id='par_1_7' title="bbox 977 4109 3105 4207">
     <span class='ocr_line' id='line_1_39' title="bbox 977 4109 3105 4207; baseline 0.001 -30"><span class='ocrx_word' id='word_1_203' title='bbox 977 4110 1526 4207; x_wconf 80' lang='lat' dir='ltr'><em>inextinguibili.</em></span> <span class='ocrx_word' id='word_1_204' title='bbox 1558 4113 1827 4189; x_wconf 80' lang='lat' dir='ltr'><em>Confer</em></span> <span class='ocrx_word' id='word_1_205' title='bbox 1854 4117 1985 4188; x_wconf 85' lang='lat' dir='ltr'><em>Lu·</em></span> <span class='ocrx_word' id='word_1_206' title='bbox 2076 4165 2128 4201; x_wconf 89' lang='lat'><strong>„</strong></span> <span class='ocrx_word' id='word_1_207' title='bbox 2163 4110 2313 4185; x_wconf 86' lang='lat' dir='ltr'><em>lesti</em></span> <span class='ocrx_word' id='word_1_208' title='bbox 2367 4109 2588 4206; x_wconf 80' lang='lat' dir='ltr'><em>patria</em></span> <span class='ocrx_word' id='word_1_209' title='bbox 2672 4110 3105 4181; x_wconf 80' lang='lat' dir='ltr'><em>recondere.</em></span> 
     </span>
    </p>
   </div>
   <div class='ocr_carea' id='block_1_7' title="bbox 962 4209 1992 5089">
    <p class='ocr_par' dir='ltr' id='par_1_8' title="bbox 977 4209 1689 4307">
     <span class='ocr_line' id='line_1_40' title="bbox 977 4209 1689 4307; baseline 0.01 -31"><span class='ocrx_word' id='word_1_210' title='bbox 977 4228 1070 4276; x_wconf 85' lang='lat' dir='ltr'><em>cae</em></span> <span class='ocrx_word' id='word_1_211' title='bbox 1105 4230 1252 4300; x_wconf 83' lang='lat' dir='ltr'><em>cap.</em></span> <span class='ocrx_word' id='word_1_212' title='bbox 1265 4209 1389 4284; x_wconf 82' lang='lat'><em>111.</em></span> <span class='ocrx_word' id='word_1_213' title='bbox 1415 4232 1564 4281; x_wconf 87' lang='lat' dir='ltr'><em>ver.</em></span> <span class='ocrx_word' id='word_1_214' title='bbox 1542 4235 1689 4307; x_wconf 88' lang='lat'><strong>..17</strong></span> 
     </span>
    </p>

    <p class='ocr_par' dir='ltr' id='par_1_9' title="bbox 976 4306 1992 4673">
     <span class='ocr_line' id='line_1_41' title="bbox 1028 4306 1990 4416; baseline 0.01 -44"><span class='ocrx_word' id='word_1_215' title='bbox 1028 4310 1133 4394; x_wconf 88' lang='lat'><em>(2)</em></span> <span class='ocrx_word' id='word_1_216' title='bbox 1175 4306 1350 4416; x_wconf 76' lang='lat' dir='ltr'><em>joel.</em></span> <span class='ocrx_word' id='word_1_217' title='bbox 1381 4307 1471 4379; x_wconf 86' lang='lat'><em>11.</em></span> <span class='ocrx_word' id='word_1_218' title='bbox 1504 4332 1629 4407; x_wconf 83' lang='lat'><em>24.</em></span> <span class='ocrx_word' id='word_1_219' title='bbox 1654 4319 1739 4380; x_wconf 84' lang='lat' dir='ltr'><em>Et</em></span> <span class='ocrx_word' id='word_1_220' title='bbox 1766 4308 1990 4409; x_wconf 68' lang='lat' dir='ltr'><em>imple</em></span> 
     </span>
     <span class='ocr_line' id='line_1_42' title="bbox 977 4389 1991 4493; baseline 0.014 -27"><span class='ocrx_word' id='word_1_221' title='bbox 977 4389 1281 4471; x_wconf 77' lang='lat' dir='ltr'><em>buntur</em></span> <span class='ocrx_word' id='word_1_222' title='bbox 1277 4425 1443 4476; x_wconf 83' lang='lat' dir='ltr'><em>areae</em></span> <span class='ocrx_word' id='word_1_223' title='bbox 1484 4405 1881 4493; x_wconf 77' lang='lat' dir='ltr'><em>frumento,</em></span> <span class='ocrx_word' id='word_1_224' title='bbox 1925 4423 1991 4477; x_wconf 82' lang='lat' dir='ltr'><em>et</em></span> 
     </span>
     <span class='ocr_line' id='line_1_43' title="bbox 976 4496 1992 4577; baseline 0.012 -12"><span class='ocrx_word' id='word_1_225' title='bbox 976 4498 1438 4574; x_wconf 80' lang='lat' dir='ltr'><em>redundabunt</em></span> <span class='ocrx_word' id='word_1_226' title='bbox 1484 4496 1850 4576; x_wconf 73' lang='lat' dir='ltr'><em>torcularia</em></span> <span class='ocrx_word' id='word_1_227' title='bbox 1877 4507 1992 4577; x_wconf 84' lang='lat' dir='ltr'><em>vi·</em></span> 
     </span>
     <span class='ocr_line' id='line_1_44' title="bbox 978 4598 1419 4677; baseline 0.023 -13"><span class='ocrx_word' id='word_1_228' title='bbox 978 4618 1111 4677; x_wconf 88' lang='lat' dir='ltr'><em>no,</em></span> <span class='ocrx_word' id='word_1_229' title='bbox 1141 4612 1205 4666; x_wconf 89' lang='lat' dir='ltr'><em>et</em></span> <span class='ocrx_word' id='word_1_230' title='bbox 1227 4598 1419 4676; x_wconf 76' lang='lat' dir='ltr'><em>olen.</em></span> 
     </span>
    </p>

    <p class='ocr_par' dir='ltr' id='par_1_10' title="bbox 962 4695 1986 5089">
     <span class='ocr_line' id='line_1_45' title="bbox 1030 4695 1981 4793; baseline 0.008 -29"><span class='ocrx_word' id='word_1_231' title='bbox 1030 4701 1136 4782; x_wconf 88' lang='lat'><em>(3)</em></span> <span class='ocrx_word' id='word_1_232' title='bbox 1176 4695 1249 4765; x_wconf 75' lang='lat' dir='ltr'><em>In</em></span> <span class='ocrx_word' id='word_1_233' title='bbox 1298 4698 1604 4775; x_wconf 85' lang='lat' dir='ltr'><em>infcriori</em></span> <span class='ocrx_word' id='word_1_234' title='bbox 1666 4724 1822 4793; x_wconf 88' lang='lat' dir='ltr'><em>pag.</em></span> <span class='ocrx_word' id='word_1_235' title='bbox 1858 4723 1981 4772; x_wconf 87' lang='lat' dir='ltr'><em>ora</em></span> 
     </span>
     <span class='ocr_line' id='line_1_46' title="bbox 976 4791 1983 4882; baseline 0.009 -21"><span class='ocrx_word' id='word_1_236' title='bbox 976 4791 1119 4862; x_wconf 77' lang='lat' dir='ltr'><em>haec</em></span> <span class='ocrx_word' id='word_1_237' title='bbox 1153 4798 1597 4870; x_wconf 86' lang='lat' dir='ltr'><em>adnotantur.</em></span> <span class='ocrx_word' id='word_1_238' title='bbox 1634 4849 1682 4882; x_wconf 87' lang='lat'><em>‚,</em></span> <span class='ocrx_word' id='word_1_239' title='bbox 1660 4798 1983 4881; x_wconf 81' lang='lat' dir='ltr'><em>,jejunat</em></span> 
     </span>
     <span class='ocr_line' id='line_1_47' title="bbox 962 4890 1986 4984; baseline 0.009 -25"><span class='ocrx_word' id='word_1_240' title='bbox 962 4936 1028 4984; x_wconf 59' lang='lat'><em>7,</em></span> <span class='ocrx_word' id='word_1_241' title='bbox 1062 4890 1363 4965; x_wconf 84' lang='lat' dir='ltr'><em>Ecclesia</em></span> <span class='ocrx_word' id='word_1_242' title='bbox 1422 4898 1491 4969; x_wconf 88' lang='lat' dir='ltr'><em>in</em></span> <span class='ocrx_word' id='word_1_243' title='bbox 1539 4918 1767 4971; x_wconf 85' lang='lat' dir='ltr'><em>mense</em></span> <span class='ocrx_word' id='word_1_244' title='bbox 1801 4895 1986 4968; x_wconf 81' lang='lat' dir='ltr'><em>Mar-</em></span> 
     </span>
     <span class='ocr_line' id='line_1_48' title="bbox 970 4986 1981 5089; baseline -0.006 -18"><span class='ocrx_word' id='word_1_245' title='bbox 970 5034 1027 5071; x_wconf 74' lang='lat'><em>22</em></span> <span class='ocrx_word' id='word_1_246' title='bbox 1067 4986 1168 5060; x_wconf 78' lang='lat' dir='ltr'><em>tio</em></span> <span class='ocrx_word' id='word_1_247' title='bbox 1192 5035 1217 5073; x_wconf 88' lang='lat'>,</span> <span class='ocrx_word' id='word_1_248' title='bbox 1247 5006 1327 5062; x_wconf 89' lang='lat' dir='ltr'><em>ut</em></span> <span class='ocrx_word' id='word_1_249' title='bbox 1350 4992 1523 5065; x_wconf 82' lang='lat' dir='ltr'><em>vitia</em></span> <span class='ocrx_word' id='word_1_250' title='bbox 1547 5043 1575 5079; x_wconf 89' lang='lat'>‚</span> <span class='ocrx_word' id='word_1_251' title='bbox 1604 5010 1676 5068; x_wconf 88' lang='lat' dir='ltr'><em>ct</em></span> <span class='ocrx_word' id='word_1_252' title='bbox 1699 5012 1981 5089; x_wconf 85' lang='lat' dir='ltr'><em>peccata</em></span> 
     </span>
    </p>
   </div>
   <div class='ocr_carea' id='block_1_8' title="bbox 2079 4204 3108 4886">
    <p class='ocr_par' dir='ltr' id='par_1_11' title="bbox 2079 4204 3108 4886">
     <span class='ocr_line' id='line_1_49' title="bbox 2086 4204 3108 4298; baseline -0.006 -15"><span class='ocrx_word' id='word_1_253' title='bbox 2086 4211 2439 4298; x_wconf 78' lang='lat' dir='ltr'><em>„jejunat</em></span> <span class='ocrx_word' id='word_1_254' title='bbox 2498 4204 2874 4279; x_wconf 89' lang='lat' dir='ltr'><em>Decembri</em></span> <span class='ocrx_word' id='word_1_255' title='bbox 2931 4254 2954 4288; x_wconf 90' lang='lat'>,</span> <span class='ocrx_word' id='word_1_256' title='bbox 3037 4204 3108 4278; x_wconf 91' lang='lat' dir='ltr'><em>iu</em></span> 
     </span>
     <span class='ocr_line' id='line_1_50' title="bbox 2085 4300 3104 4403; baseline -0.008 -23"><span class='ocrx_word' id='word_1_257' title='bbox 2085 4360 2136 4396; x_wconf 85' lang='lat'><em>,‚</em></span> <span class='ocrx_word' id='word_1_258' title='bbox 2175 4330 2314 4403; x_wconf 90' lang='lat' dir='ltr'><em>quo</em></span> <span class='ocrx_word' id='word_1_259' title='bbox 2365 4305 2590 4377; x_wconf 83' lang='lat' dir='ltr'><em>herbae</em></span> <span class='ocrx_word' id='word_1_260' title='bbox 2660 4300 3051 4375; x_wconf 89' lang='lat' dir='ltr'><em>moriuntur</em></span> <span class='ocrx_word' id='word_1_261' title='bbox 3079 4349 3104 4385; x_wconf 82' lang='grc'><em>,</em></span> 
     </span>
     <span class='ocr_line' id='line_1_51' title="bbox 2091 4401 3105 4492; baseline -0.009 -13"><span class='ocrx_word' id='word_1_262' title='bbox 2091 4457 2139 4492; x_wconf 86' lang='grc'><em>,,</em></span> <span class='ocrx_word' id='word_1_263' title='bbox 2172 4424 2242 4479; x_wconf 89' lang='lat' dir='ltr'><em>ct</em></span> <span class='ocrx_word' id='word_1_264' title='bbox 2275 4401 2440 4476; x_wconf 86' lang='lat' dir='ltr'><em>folia</em></span> <span class='ocrx_word' id='word_1_265' title='bbox 2495 4402 2794 4484; x_wconf 80' lang='lat' dir='ltr'><em>cadunt3</em></span> <span class='ocrx_word' id='word_1_266' title='bbox 2850 4417 2920 4471; x_wconf 89' lang='lat' dir='ltr'><em>ct</em></span> <span class='ocrx_word' id='word_1_267' title='bbox 2983 4421 3105 4471; x_wconf 81' lang='lat' dir='ltr'><em>nos</em></span> 
     </span>
     <span class='ocr_line' id='line_1_52' title="bbox 2088 4497 3103 4590; baseline -0.007 -15"><span class='ocrx_word' id='word_1_268' title='bbox 2088 4554 2139 4590; x_wconf 91' lang='lat'>„</span> <span class='ocrx_word' id='word_1_269' title='bbox 2174 4504 2503 4575; x_wconf 88' lang='lat' dir='ltr'><em>debemus</em></span> <span class='ocrx_word' id='word_1_270' title='bbox 2563 4497 2737 4571; x_wconf 90' lang='lat' dir='ltr'><em>mori</em></span> <span class='ocrx_word' id='word_1_271' title='bbox 2799 4500 3103 4580; x_wconf 79' lang='lat' dir='ltr'><em>mundo,</em></span> 
     </span>
     <span class='ocr_line' id='line_1_53' title="bbox 2080 4593 3107 4689; baseline -0.008 -15"><span class='ocrx_word' id='word_1_272' title='bbox 2080 4652 2131 4689; x_wconf 89' lang='lat'><strong>„</strong></span> <span class='ocrx_word' id='word_1_273' title='bbox 2163 4617 2233 4674; x_wconf 86' lang='lat' dir='ltr'><em>et</em></span> <span class='ocrx_word' id='word_1_274' title='bbox 2271 4599 2508 4671; x_wconf 86' lang='lat' dir='ltr'><em>vivere</em></span> <span class='ocrx_word' id='word_1_275' title='bbox 2535 4597 2751 4680; x_wconf 89' lang='lat' dir='ltr'><em>De0,</em></span> <span class='ocrx_word' id='word_1_276' title='bbox 2808 4598 2994 4679; x_wconf 80' lang='lat' dir='ltr'><em>iuxta</em></span> <span class='ocrx_word' id='word_1_277' title='bbox 3023 4593 3107 4666; x_wconf 87' lang='lat' dir='ltr'><em>il·</em></span> 
     </span>
     <span class='ocr_line' id='line_1_54' title="bbox 2080 4694 3104 4784; baseline -0.011 -13"><span class='ocrx_word' id='word_1_278' title='bbox 2080 4749 2129 4784; x_wconf 89' lang='lat'>„</span> <span class='ocrx_word' id='word_1_279' title='bbox 2163 4698 2329 4770; x_wconf 92' lang='lat' dir='ltr'><em>lud.</em></span> <span class='ocrx_word' id='word_1_280' title='bbox 2391 4694 2572 4767; x_wconf 84' lang='lat' dir='ltr'><em>Mihi</em></span> <span class='ocrx_word' id='word_1_281' title='bbox 2609 4694 2889 4768; x_wconf 81' lang='lat' dir='ltr'><em>mundus</em></span> <span class='ocrx_word' id='word_1_282' title='bbox 2946 4713 3104 4762; x_wconf 86' lang='lat' dir='ltr'><em>cru-</em></span> 
     </span>
     <span class='ocr_line' id='line_1_55' title="bbox 2079 4795 3102 4886; baseline -0.006 -18"><span class='ocrx_word' id='word_1_283' title='bbox 2079 4846 2131 4881; x_wconf 88' lang='lat'><strong>„</strong></span> <span class='ocrx_word' id='word_1_284' title='bbox 2164 4795 2395 4882; x_wconf 83' lang='lat' dir='ltr'><em>cifixus</em></span> <span class='ocrx_word' id='word_1_285' title='bbox 2425 4809 2519 4865; x_wconf 85' lang='lat' dir='ltr'><em>est</em></span> <span class='ocrx_word' id='word_1_286' title='bbox 2549 4840 2572 4875; x_wconf 90' lang='lat'>,</span> <span class='ocrx_word' id='word_1_287' title='bbox 2634 4807 2696 4863; x_wconf 90' lang='lat' dir='ltr'><em>et</em></span> <span class='ocrx_word' id='word_1_288' title='bbox 2751 4814 2872 4886; x_wconf 85' lang='lat' dir='ltr'><em>ego</em></span> <span class='ocrx_word' id='word_1_289' title='bbox 2906 4812 3102 4863; x_wconf 87' lang='lat' dir='ltr'><em>mun-</em></span> 
     </span>
    </p>
   </div>
   <div class='ocr_carea' id='block_1_9' title="bbox 2080 4897 2375 4981">
    <p class='ocr_par' dir='ltr' id='par_1_12' title="bbox 2080 4897 2375 4981">
     <span class='ocr_line' id='line_1_56' title="bbox 2080 4897 2375 4981; baseline -0.017 0"><span class='ocrx_word' id='word_1_290' title='bbox 2080 4944 2131 4981; x_wconf 74' lang='lat'>„</span> <span class='ocrx_word' id='word_1_291' title='bbox 2170 4897 2251 4967; x_wconf 56' lang='grc' dir='ltr'><em>αθ</em></span> <span class='ocrx_word' id='word_1_292' title='bbox 2279 4942 2299 4964; x_wconf 86' lang='grc'><em>·</em></span> <span class='ocrx_word' id='word_1_293' title='bbox 2325 4940 2375 4978; x_wconf 72' lang='lat'><em>»2</em></span> 
     </span>
    </p>
   </div>
  </div>
 </body>
</html>
