4284 6125
537 1273 624 1360 352
771 1268 1035 1337 mvmouum
1061 1271 1342 1334 oraclorum

852 1475 1284 1571 CLXXXVIII.

774 1690 849 1747 DE
882 1685 1349 1749 SCENOPHEGIA

613 1838 904 1953 scenophegia
941 1838 1150 1951 siquidem
1166 1835 1528 1925 tabernaculorum
1542 1831 1616 1947 (ι)

533 1957 743 2043 celebratio
761 1954 948 2054 dicitur,
979 1988 1075 2068 quae
1106 1957 1213 2070 apud
1236 1954 1343 2043 filios
1363 1953 1497 2038 lsrael
1530 1979 1615 2036 ma·

534 2103 614 2187 gna
635 2105 727 2161 cum
748 2075 1021 2159 veneratione
1039 2078 1201 2164 decima
1220 2074 1288 2160 die
1307 2069 1462 2157 mensis
1481 2065 1614 2181 septi·

532 2192 593 2275 mi
627 2253 642 2292 ,
690 2199 744 2278 ob
779 2223 865 2277 suae
894 2194 1153 2281 liberationis
1177 2189 1531 2279 'recordationem
1563 2191 1613 2270 ab

532 2308 779 2425 AEgyptiaca
796 2311 1018 2411 servitute,
1033 2340 1171 2397 annue
1190 2313 1484 2399 celebrabatur
1507 2304 1611 2422 (2).

533 2431 623 2545 Qui
641 2460 736 2516 mox
763 2454 845 2515 uta
871 2433 1040 2542 praefata
1074 2430 1352 2519 liberati-sunt
1376 2424 1612 2518 servitute,

533 2569 794 2634 transeuntes
821 2579 930 2633 mare
951 2549 1160 2649 rubrum,
1191 2579 1213 2633 a
1236 2570 1350 2635 vasta
1375 2572 1525 2632 eremo
1544 2575 1612 2626 su·

534 2667 693 2776 secoli,
708 2696 780 2778 per
803 2669 1071 2784 quadraginta
1095 2699 1227 2754 annos
1243 2667 1291 2752 in
1310 2668 1454 2751 eadem
1472 2663 1520 2747 in
1540 2693 1613 2774 pa·

532 2782 765 2894 piliouibus
788 2847 802 2885 ‚
833 2813 957 2899 atque
980 2788 1258 2874 tabernaculis
1279 2782 1612 2878 habitaverunt,

533 2902 668 2987 donec
703 2907 751 2986 ad
783 2928 934 2989 terram
960 2905 1255 3020 promissionis
1285 2923 1611 3016 pervenerunt.

532 3019 636 3109 Haec
672 3024 1033 3116 tabernaculorum
1059 3025 1328 3123 solemnitas,
1359 3049 1447 3106 non
1487 3018 1613 3103 unius

532 3139 665 3242 diei,
711 3146 782 3229 sed
817 3144 1041 3230 multorum
1074 3169 1165 3232 erat
1201 3178 1214 3249 ;
1263 3168 1381 3253 quam
1421 3139 1611 3247 Joannes

530 3256 794 3377 Evangeiista
818 3262 1193 3363 declarat,dicens
1229 3264 1303 3379 (3)
1335 3292 1346 3345 :
1395 3256 1612 3343 Medionte

530 3401 665 3486 autem
682 3378 879 3487 dieftstm
890 3407 931 3465 et
950 3383 1045 3467 alibi
1059 3379 1133 3499 (4)
1144 3376 1456 3500 :zlunouissimo
1472 3383 1609 3459 nutem

531 3494 596 3577 die
613 3527 774 3613 mugnae
794 3498 1033 3605 festivitatis
1056 3503 1192 3588 stabnt
1205 3503 1350 3597 Iesus.
1386 3494 1490 3578 Illud
1509 3518 1608 3579 sane

532 3610 750 3700 sciendum
771 3639 865 3714 est,
898 3617 1098 3731 quianon
1133 3642 1254 3705 vacat
1274 3610 1479 3727 mysterio
1494 3610 1606 3725 (5),

531 3733 645 3841 quod
668 3732 957 3852 Scenophegia
988 3738 1253 3825 celebratur.
1285 3740 1398 3821 Ecce
1414 3729 1610 3841 Aposto-

528 3848 589 3931 lus
607 3850 681 3967 (6)
701 3883 713 3935 :
737 3854 890 3950 ¹Omnia
922 3915 935 3954 ‚
962 3854 1135 3967 inquit,
1165 3857 1205 3939 in
1231 3856 1376 3973 figura
1402 3843 1609 3955 continge·

528 3962 747 4060 bertillis.
784 3974 911 4091 Quod
932 3970 965 4064 si
985 3973 1156 4071 omnia,
1189 4001 1290 4088 ergo
1318 3996 1359 4058 et
1386 3966 1475 4052 dies
1492 3961 1609 4059 festi,

530 4106 572 4172 et
592 4083 904 4191 Sabbatorum,
941 4122 985 4179 ac
1005 4091 1336 4183 Neomeniarum
1357 4150 1371 4188 2
1410 4116 1487 4176 ¹¹00
1519 4110 1608 4212 ΠΟΡ-

1492 4222 1533 4285 et
1555 4228 1610 4283 rr·

554 4439 608 4525 (1)
623 4435 728 4505 Exod.
745 4457 822 4526 cap.
836 4460 941 4507 xx1x.
1123 4442 1176 4533 (4)
1191 4436 1279 4509 Ibid.
1294 4455 1368 4505 ver.
1389 4451 1443 4521 37·
1463 4423 1522 4495 ubi
1554 4425 1609 4493 die

568 4536 623 4620 (2)
643 4531 732 4601 Cod.
762 4534 920 4607 mendose
955 4533 1040 4604 cele·
1096 4558 1244 4628 magno.

531 4627 675 4697 iratur·
1123 4640 1176 4718 (5)
1189 4620 1610 4722 Supplevimusmystcrio.

499 4765 501 4770 .
555 4730 605 4817 ξς)
623 4724 810 4807 joamvrl.
832 4743 887 4810 15.
903 4735 974 4797 tam
988 4749 1042 4798 au·
1122 4734 1173 4818 (6)
1196 4728 1451 4801 1.Cor.x..11.

529 4837 595 4896 tem
610 4823 662 4893 die
673 4821 758 4910 festo
773 4823 965 4895 mediante.
1444 4823 1450 4834 ’
