<?xml version="1.0" encoding="UTF-8"?>
<!DOCTYPE html PUBLIC "-//W3C//DTD XHTML 1.0 Transitional//EN"
    "http://www.w3.org/TR/xhtml1/DTD/xhtml1-transitional.dtd">
<html xmlns="http://www.w3.org/1999/xhtml" xml:lang="en" lang="en">
 <head>
  <title>
</title>
<meta http-equiv="Content-Type" content="text/html;charset=utf-8" />
  <meta name='ocr-system' content='tesseract 3.04.00' />
  <meta name='ocr-capabilities' content='ocr_page ocr_carea ocr_par ocr_line ocrx_word'/>
</head>
<body>
  <div class='ocr_page' id='page_1' title='image "./ssecclesirituum00unkngoog_0466.png"; bbox 0 0 4284 6125; ppageno 0'>
   <div class='ocr_carea' id='block_1_1' title="bbox 450 787 1661 1095">
    <p class='ocr_par' dir='ltr' id='par_1_1' title="bbox 450 787 1661 1095">
     <span class='ocr_line' id='line_1_1' title="bbox 450 787 1661 1095; baseline 0 -294"><span class='ocrx_word' id='word_1_1' title='bbox 450 787 1126 1064; x_wconf 98' lang='lat'>-</span> <span class='ocrx_word' id='word_1_2' title='bbox 1196 788 1215 801; x_wconf 70' lang='grc' dir='ltr'>ιν</span> <span class='ocrx_word' id='word_1_3' title='bbox 1237 787 1661 1095; x_wconf 98' lang='grc'>-</span> 
     </span>
     <span class='ocr_line' id='line_1_2' title="bbox 1140 806 1242 835; baseline 0 0"><span class='ocrx_word' id='word_1_4' title='bbox 1140 830 1143 835; x_wconf 89' lang='grc' dir='ltr'>ι</span> <span class='ocrx_word' id='word_1_5' title='bbox 1208 806 1213 819; x_wconf 56' lang='grc' dir='ltr'>Ι</span> <span class='ocrx_word' id='word_1_6' title='bbox 1237 816 1242 827; x_wconf 78' lang='grc' dir='ltr'>Ι</span> 
     </span>
    </p>
   </div>
   <div class='ocr_carea' id='block_1_2' title="bbox 458 1353 1696 4910">
    <p class='ocr_par' dir='ltr' id='par_1_2' title="bbox 495 1353 1677 3593">
     <span class='ocr_line' id='line_1_3' title="bbox 808 1353 1565 1453; baseline -0.004 -29"><span class='ocrx_word' id='word_1_7' title='bbox 808 1360 1238 1424; x_wconf 73' lang='lat' dir='ltr'>Exnttcnnw.</span> <span class='ocrx_word' id='word_1_8' title='bbox 1311 1353 1338 1389; x_wconf 66' lang='lat' dir='ltr'><em>s</em></span> <span class='ocrx_word' id='word_1_9' title='bbox 1475 1365 1565 1453; x_wconf 79' lang='lat'>443</span> 
     </span>
     <span class='ocr_line' id='line_1_4' title="bbox 503 1453 1569 1571; baseline -0.005 -21"><span class='ocrx_word' id='word_1_10' title='bbox 503 1458 800 1550; x_wconf 85' lang='lat' dir='ltr'>attendendum</span> <span class='ocrx_word' id='word_1_11' title='bbox 832 1518 845 1557; x_wconf 91' lang='lat'>‚</span> <span class='ocrx_word' id='word_1_12' title='bbox 879 1457 993 1569; x_wconf 91' lang='lat' dir='ltr'>quod</span> <span class='ocrx_word' id='word_1_13' title='bbox 1027 1483 1174 1540; x_wconf 87' lang='lat' dir='ltr'>omnes</span> <span class='ocrx_word' id='word_1_14' title='bbox 1206 1453 1289 1542; x_wconf 85' lang='lat' dir='ltr'>illae</span> <span class='ocrx_word' id='word_1_15' title='bbox 1322 1454 1569 1571; x_wconf 76' lang='lat' dir='ltr'>antiphonae</span> 
     </span>
     <span class='ocr_line' id='line_1_5' title="bbox 503 1572 1569 1691; baseline -0.003 -26"><span class='ocrx_word' id='word_1_16' title='bbox 503 1605 601 1665; x_wconf 90' lang='lat' dir='ltr'>sunt</span> <span class='ocrx_word' id='word_1_17' title='bbox 642 1574 816 1665; x_wconf 88' lang='lat' dir='ltr'>secundi</span> <span class='ocrx_word' id='word_1_18' title='bbox 849 1573 939 1660; x_wconf 88' lang='lat' dir='ltr'>toni</span> <span class='ocrx_word' id='word_1_19' title='bbox 970 1605 983 1676; x_wconf 93' lang='lat'>;</span> <span class='ocrx_word' id='word_1_20' title='bbox 1032 1601 1106 1686; x_wconf 92' lang='lat' dir='ltr'>pet</span> <span class='ocrx_word' id='word_1_21' title='bbox 1136 1576 1248 1684; x_wconf 89' lang='lat' dir='ltr'>quod</span> <span class='ocrx_word' id='word_1_22' title='bbox 1276 1572 1569 1691; x_wconf 80' lang='lat' dir='ltr'>significatur,</span> 
     </span>
     <span class='ocr_line' id='line_1_6' title="bbox 504 1690 1569 1812; baseline -0.003 -27"><span class='ocrx_word' id='word_1_23' title='bbox 504 1699 619 1812; x_wconf 89' lang='lat' dir='ltr'>quod</span> <span class='ocrx_word' id='word_1_24' title='bbox 643 1726 722 1782; x_wconf 91' lang='lat' dir='ltr'>nos</span> <span class='ocrx_word' id='word_1_25' title='bbox 739 1696 968 1783; x_wconf 83' lang='lat' dir='ltr'>secundum</span> <span class='ocrx_word' id='word_1_26' title='bbox 985 1690 1076 1801; x_wconf 81' lang='lat' dir='ltr'>ejus·</span> <span class='ocrx_word' id='word_1_27' title='bbox 1094 1694 1317 1779; x_wconf 80' lang='lat' dir='ltr'>adventum</span> <span class='ocrx_word' id='word_1_28' title='bbox 1335 1750 1351 1793; x_wconf 88' lang='lat'><strong>,</strong></span> <span class='ocrx_word' id='word_1_29' title='bbox 1380 1694 1424 1780; x_wconf 90' lang='lat' dir='ltr'>in</span> <span class='ocrx_word' id='word_1_30' title='bbox 1443 1692 1569 1806; x_wconf 78' lang='lat' dir='ltr'>tnaje·</span> 
     </span>
     <span class='ocr_line' id='line_1_7' title="bbox 505 1810 1567 1925; baseline -0.001 -24"><span class='ocrx_word' id='word_1_31' title='bbox 505 1838 611 1903; x_wconf 81' lang='lat' dir='ltr'>state</span> <span class='ocrx_word' id='word_1_32' title='bbox 631 1814 831 1902; x_wconf 78' lang='lat' dir='ltr'>videlicet</span> <span class='ocrx_word' id='word_1_33' title='bbox 849 1811 1062 1924; x_wconf 90' lang='lat' dir='ltr'>cupiendo</span> <span class='ocrx_word' id='word_1_34' title='bbox 1082 1810 1369 1925; x_wconf 82' lang='lat' dir='ltr'>praestolantur</span> <span class='ocrx_word' id='word_1_35' title='bbox 1397 1875 1407 1897; x_wconf 90' lang='lat'><strong>.</strong></span> <span class='ocrx_word' id='word_1_36' title='bbox 1442 1814 1567 1901; x_wconf 88' lang='lat' dir='ltr'>Simi-</span> 
     </span>
     <span class='ocr_line' id='line_1_8' title="bbox 502 1928 1572 2047; baseline 0 -28"><span class='ocrx_word' id='word_1_37' title='bbox 502 1936 543 2020; x_wconf 89' lang='lat' dir='ltr'>le</span> <span class='ocrx_word' id='word_1_38' title='bbox 571 1959 748 2047; x_wconf 88' lang='lat' dir='ltr'>natnque</span> <span class='ocrx_word' id='word_1_39' title='bbox 770 1928 1014 2044; x_wconf 80' lang='lat' dir='ltr'><strong>mysterium</strong></span> <span class='ocrx_word' id='word_1_40' title='bbox 1047 1930 1294 2026; x_wconf 79' lang='lat' dir='ltr'>continetur</span> <span class='ocrx_word' id='word_1_41' title='bbox 1311 1930 1388 2015; x_wconf 86' lang='lat' dir='ltr'>sub</span> <span class='ocrx_word' id='word_1_42' title='bbox 1410 1957 1572 2046; x_wconf 82' lang='lat' dir='ltr'>septem</span> 
     </span>
     <span class='ocr_line' id='line_1_9' title="bbox 504 2047 1572 2167; baseline -0.002 -28"><span class='ocrx_word' id='word_1_43' title='bbox 504 2051 786 2167; x_wconf 82' lang='lat' dir='ltr'>antiphonis,</span> <span class='ocrx_word' id='word_1_44' title='bbox 817 2047 990 2162; x_wconf 83' lang='lat' dir='ltr'>quaein</span> <span class='ocrx_word' id='word_1_45' title='bbox 1023 2047 1186 2137; x_wconf 86' lang='lat' dir='ltr'>octavis</span> <span class='ocrx_word' id='word_1_46' title='bbox 1212 2047 1458 2163; x_wconf 75' lang='lat' dir='ltr'>Epiphaniae</span> <span class='ocrx_word' id='word_1_47' title='bbox 1492 2055 1572 2139; x_wconf 87' lang='lat' dir='ltr'>sub</span> 
     </span>
     <span class='ocr_line' id='line_1_10' title="bbox 502 2167 1574 2286; baseline -0.003 -29"><span class='ocrx_word' id='word_1_48' title='bbox 502 2172 686 2286; x_wconf 86' lang='lat' dir='ltr'>septimo</span> <span class='ocrx_word' id='word_1_49' title='bbox 709 2169 1022 2257; x_wconf 82' lang='lat' dir='ltr'>tonosecundae</span> <span class='ocrx_word' id='word_1_50' title='bbox 1055 2167 1309 2257; x_wconf 83' lang='lat' dir='ltr'>diffetentiae</span> <span class='ocrx_word' id='word_1_51' title='bbox 1327 2167 1574 2271; x_wconf 60' lang='lat' dir='ltr'>constitute</span> 
     </span>
     <span class='ocr_line' id='line_1_11' title="bbox 506 2283 1571 2402; baseline 0.005 -28"><span class='ocrx_word' id='word_1_52' title='bbox 506 2293 648 2376; x_wconf 72' lang='lat' dir='ltr'>fideles</span> <span class='ocrx_word' id='word_1_53' title='bbox 677 2283 795 2375; x_wconf 88' lang='lat' dir='ltr'>Novi</span> <span class='ocrx_word' id='word_1_54' title='bbox 813 2285 1075 2378; x_wconf 80' lang='lat' dir='ltr'>Testamenti</span> <span class='ocrx_word' id='word_1_55' title='bbox 1097 2284 1273 2402; x_wconf 79' lang='lat' dir='ltr'>figurant</span> <span class='ocrx_word' id='word_1_56' title='bbox 1293 2348 1305 2386; x_wconf 84' lang='lat'><strong>,</strong></span> <span class='ocrx_word' id='word_1_57' title='bbox 1327 2285 1409 2400; x_wconf 43' lang='lat' dir='ltr'>&#39;qui</span> <span class='ocrx_word' id='word_1_58' title='bbox 1438 2287 1483 2373; x_wconf 94' lang='lat' dir='ltr'>in</span> <span class='ocrx_word' id='word_1_59' title='bbox 1500 2285 1571 2379; x_wconf 67' lang='lat' dir='ltr'>Be</span> 
     </span>
     <span class='ocr_line' id='line_1_12' title="bbox 505 2402 1574 2524; baseline 0 -32"><span class='ocrx_word' id='word_1_60' title='bbox 505 2408 662 2523; x_wconf 82' lang='lat' dir='ltr'>ptisnto</span> <span class='ocrx_word' id='word_1_61' title='bbox 682 2402 1138 2524; x_wconf 81' lang='lat' dir='ltr'>septiformisSpititus</span> <span class='ocrx_word' id='word_1_62' title='bbox 1156 2407 1326 2523; x_wconf 77' lang='lat' dir='ltr'>gratiam</span> <span class='ocrx_word' id='word_1_63' title='bbox 1340 2405 1574 2520; x_wconf 77' lang='lat' dir='ltr'>recipiunt,</span> 
     </span>
     <span class='ocr_line' id='line_1_13' title="bbox 505 2522 1575 2639; baseline -0.001 -27"><span class='ocrx_word' id='word_1_64' title='bbox 505 2552 552 2612; x_wconf 90' lang='lat' dir='ltr'>ut</span> <span class='ocrx_word' id='word_1_65' title='bbox 580 2527 681 2614; x_wconf 81' lang='lat' dir='ltr'>salsi</span> <span class='ocrx_word' id='word_1_66' title='bbox 703 2529 831 2615; x_wconf 83' lang='lat' dir='ltr'>fiant.</span> <span class='ocrx_word' id='word_1_67' title='bbox 865 2528 912 2613; x_wconf 89' lang='lat' dir='ltr'>ln</span> <span class='ocrx_word' id='word_1_68' title='bbox 934 2524 998 2613; x_wconf 87' lang='lat' dir='ltr'>bis</span> <span class='ocrx_word' id='word_1_69' title='bbox 1022 2546 1184 2639; x_wconf 86' lang='lat' dir='ltr'>septem</span> <span class='ocrx_word' id='word_1_70' title='bbox 1203 2522 1451 2638; x_wconf 78' lang='lat' dir='ltr'>antiphonia</span> <span class='ocrx_word' id='word_1_71' title='bbox 1473 2554 1575 2612; x_wconf 85' lang='lat' dir='ltr'>con-</span> 
     </span>
     <span class='ocr_line' id='line_1_14' title="bbox 507 2644 1677 2764; baseline 0.002 -33"><span class='ocrx_word' id='word_1_72' title='bbox 507 2676 610 2763; x_wconf 83' lang='lat' dir='ltr'>grue</span> <span class='ocrx_word' id='word_1_73' title='bbox 632 2668 794 2764; x_wconf 85' lang='lat' dir='ltr'>septem</span> <span class='ocrx_word' id='word_1_74' title='bbox 820 2648 1032 2735; x_wconf 85' lang='lat' dir='ltr'>donorum</span> <span class='ocrx_word' id='word_1_75' title='bbox 1067 2665 1205 2760; x_wconf 87' lang='lat' dir='ltr'>potest</span> <span class='ocrx_word' id='word_1_76' title='bbox 1236 2644 1435 2761; x_wconf 81' lang='lat' dir='ltr'>assignati</span> <span class='ocrx_word' id='word_1_77' title='bbox 1466 2644 1575 2758; x_wconf 83' lang='lat' dir='ltr'>peti·</span> <span class='ocrx_word' id='word_1_78' title='bbox 1673 2676 1677 2689; x_wconf 89' lang='lat'><strong>·</strong></span> 
     </span>
     <span class='ocr_line' id='line_1_15' title="bbox 509 2760 1576 2882; baseline 0 -31"><span class='ocrx_word' id='word_1_79' title='bbox 509 2766 606 2865; x_wconf 87' lang='lat' dir='ltr'>tio,</span> <span class='ocrx_word' id='word_1_80' title='bbox 638 2793 682 2855; x_wconf 89' lang='lat' dir='ltr'>ut</span> <span class='ocrx_word' id='word_1_81' title='bbox 705 2791 778 2882; x_wconf 87' lang='lat' dir='ltr'>pet</span> <span class='ocrx_word' id='word_1_82' title='bbox 797 2764 972 2879; x_wconf 88' lang='lat' dir='ltr'>ptitnant</span> <span class='ocrx_word' id='word_1_83' title='bbox 991 2760 1172 2878; x_wconf 85' lang='lat' dir='ltr'>primum</span> <span class='ocrx_word' id='word_1_84' title='bbox 1198 2763 1356 2852; x_wconf 72' lang='lat' dir='ltr'>donant</span> <span class='ocrx_word' id='word_1_85' title='bbox 1382 2786 1576 2879; x_wconf 79' lang='lat' dir='ltr'>petatur,</span> 
     </span>
     <span class='ocr_line' id='line_1_16' title="bbox 507 2878 1574 3001; baseline 0 -30"><span class='ocrx_word' id='word_1_86' title='bbox 507 2884 669 2974; x_wconf 86' lang='lat' dir='ltr'>scilicet</span> <span class='ocrx_word' id='word_1_87' title='bbox 702 2881 943 3001; x_wconf 85' lang='lat' dir='ltr'>sapientia·;</span> <span class='ocrx_word' id='word_1_88' title='bbox 976 2904 1017 2968; x_wconf 93' lang='lat' dir='ltr'>et</span> <span class='ocrx_word' id='word_1_89' title='bbox 1043 2878 1102 2970; x_wconf 90' lang='lat' dir='ltr'>sic</span> <span class='ocrx_word' id='word_1_90' title='bbox 1132 2883 1184 2969; x_wconf 88' lang='lat' dir='ltr'>de</span> <span class='ocrx_word' id='word_1_91' title='bbox 1211 2881 1386 2996; x_wconf 74' lang='lat' dir='ltr'>reliquis</span> <span class='ocrx_word' id='word_1_92' title='bbox 1401 2912 1477 2998; x_wconf 86' lang='lat' dir='ltr'>per</span> <span class='ocrx_word' id='word_1_93' title='bbox 1505 2913 1574 2971; x_wconf 88' lang='lat' dir='ltr'>ot·</span> 
     </span>
     <span class='ocr_line' id='line_1_17' title="bbox 507 2999 1571 3115; baseline 0.003 -29"><span class='ocrx_word' id='word_1_94' title='bbox 507 3001 651 3087; x_wconf 86' lang='lat' dir='ltr'>dinem</span> <span class='ocrx_word' id='word_1_95' title='bbox 694 3068 704 3090; x_wconf 90' lang='lat'><strong>.</strong></span> <span class='ocrx_word' id='word_1_96' title='bbox 762 2999 1113 3115; x_wconf 61' lang='lat' dir='ltr'>Antiqui&#39;enint</span> <span class='ocrx_word' id='word_1_97' title='bbox 1149 3005 1290 3092; x_wconf 80' lang='lat' dir='ltr'>Patres</span> <span class='ocrx_word' id='word_1_98' title='bbox 1345 3003 1571 3092; x_wconf 81' lang='lat' dir='ltr'>adventurn</span> 
     </span>
     <span class='ocr_line' id='line_1_18' title="bbox 509 3116 1570 3237; baseline 0.003 -31"><span class='ocrx_word' id='word_1_99' title='bbox 509 3120 674 3206; x_wconf 81' lang='lat' dir='ltr'>Christi</span> <span class='ocrx_word' id='word_1_100' title='bbox 710 3121 928 3237; x_wconf 84' lang='lat' dir='ltr'>cupientes</span> <span class='ocrx_word' id='word_1_101' title='bbox 961 3120 1041 3210; x_wconf 88' lang='lat' dir='ltr'>hoc</span> <span class='ocrx_word' id='word_1_102' title='bbox 1085 3116 1388 3234; x_wconf 52' lang='lat' dir='ltr'>precibustdt</span> <span class='ocrx_word' id='word_1_103' title='bbox 1427 3146 1570 3211; x_wconf 81' lang='lat' dir='ltr'>mente</span> 
     </span>
     <span class='ocr_line' id='line_1_19' title="bbox 495 3239 1573 3356; baseline 0.009 -38"><span class='ocrx_word' id='word_1_104' title='bbox 495 3242 682 3324; x_wconf 11' lang='lat' dir='ltr'>notabant</span> <span class='ocrx_word' id='word_1_105' title='bbox 702 3300 715 3339; x_wconf 83' lang='lat'><em>.</em></span> <span class='ocrx_word' id='word_1_106' title='bbox 746 3267 794 3327; x_wconf 86' lang='lat' dir='ltr'>nt</span> <span class='ocrx_word' id='word_1_107' title='bbox 812 3268 911 3327; x_wconf 85' lang='lat' dir='ltr'>veta</span> <span class='ocrx_word' id='word_1_108' title='bbox 929 3240 1134 3356; x_wconf 82' lang='lat' dir='ltr'>sapientia</span> <span class='ocrx_word' id='word_1_109' title='bbox 1148 3240 1281 3328; x_wconf 85' lang='lat' dir='ltr'>Patris</span> <span class='ocrx_word' id='word_1_110' title='bbox 1295 3239 1368 3339; x_wconf 87' lang='lat' dir='ltr'>,in</span> <span class='ocrx_word' id='word_1_111' title='bbox 1385 3271 1464 3354; x_wconf 83' lang='lat' dir='ltr'>qut</span> <span class='ocrx_word' id='word_1_112' title='bbox 1484 3269 1573 3349; x_wconf 80' lang='lat' dir='ltr'>otn-</span> 
     </span>
     <span class='ocr_line' id='line_1_20' title="bbox 507 3356 1574 3475; baseline 0.003 -33"><span class='ocrx_word' id='word_1_113' title='bbox 507 3356 576 3442; x_wconf 90' lang='lat' dir='ltr'>nia</span> <span class='ocrx_word' id='word_1_114' title='bbox 611 3357 871 3459; x_wconf 86' lang='lat' dir='ltr'>factasunt,</span> <span class='ocrx_word' id='word_1_115' title='bbox 903 3389 999 3473; x_wconf 85' lang='lat' dir='ltr'>qnae</span> <span class='ocrx_word' id='word_1_116' title='bbox 1030 3358 1241 3475; x_wconf 79' lang='lat' dir='ltr'>attingite</span> <span class='ocrx_word' id='word_1_117' title='bbox 1261 3360 1346 3453; x_wconf 78' lang='lat' dir='ltr'>dne</span> <span class='ocrx_word' id='word_1_118' title='bbox 1371 3387 1505 3471; x_wconf 77' lang='lat' dir='ltr'>usqne</span> <span class='ocrx_word' id='word_1_119' title='bbox 1521 3360 1574 3446; x_wconf 90' lang='lat' dir='ltr'>ad</span> 
     </span>
     <span class='ocr_line' id='line_1_21' title="bbox 507 3473 1573 3593; baseline 0 -32"><span class='ocrx_word' id='word_1_120' title='bbox 507 3476 632 3564; x_wconf 82' lang='lat' dir='ltr'>finem·</span> <span class='ocrx_word' id='word_1_121' title='bbox 662 3530 675 3575; x_wconf 83' lang='lat'><strong>,</strong></span> <span class='ocrx_word' id='word_1_122' title='bbox 705 3473 748 3566; x_wconf 78' lang='lat' dir='ltr'>dt</span> <span class='ocrx_word' id='word_1_123' title='bbox 778 3501 928 3567; x_wconf 86' lang='lat' dir='ltr'>cuncta</span> <span class='ocrx_word' id='word_1_124' title='bbox 956 3476 1126 3565; x_wconf 85' lang='lat' dir='ltr'>sortiter</span> <span class='ocrx_word' id='word_1_125' title='bbox 1142 3476 1365 3593; x_wconf 83' lang='lat' dir='ltr'>disponit,</span> <span class='ocrx_word' id='word_1_126' title='bbox 1395 3474 1573 3566; x_wconf 70' lang='lat' dir='ltr'>&amp;con-</span> 
     </span>
    </p>

    <p class='ocr_par' dir='ltr' id='par_1_3' title="bbox 458 3593 1696 4910">
     <span class='ocr_line' id='line_1_22' title="bbox 458 3593 1573 3712; baseline 0.006 -34"><span class='ocrx_word' id='word_1_127' title='bbox 458 3703 460 3712; x_wconf 92' lang='lat'><em>.</em></span> <span class='ocrx_word' id='word_1_128' title='bbox 507 3594 618 3682; x_wconf 85' lang='lat' dir='ltr'>tinet</span> <span class='ocrx_word' id='word_1_129' title='bbox 654 3652 667 3695; x_wconf 92' lang='lat'>‚-</span> <span class='ocrx_word' id='word_1_130' title='bbox 699 3596 742 3681; x_wconf 89' lang='lat' dir='ltr'>in</span> <span class='ocrx_word' id='word_1_131' title='bbox 786 3625 910 3685; x_wconf 83' lang='lat' dir='ltr'>carne</span> <span class='ocrx_word' id='word_1_132' title='bbox 945 3596 1122 3686; x_wconf 86' lang='lat' dir='ltr'>veniens</span> <span class='ocrx_word' id='word_1_133' title='bbox 1154 3602 1311 3690; x_wconf 80' lang='lat' dir='ltr'>donum</span> <span class='ocrx_word' id='word_1_134' title='bbox 1351 3593 1573 3711; x_wconf 81' lang='lat' dir='ltr'>sapientiae</span> 
     </span>
     <span class='ocr_line' id='line_1_23' title="bbox 507 3713 1572 3829; baseline 0.002 -30"><span class='ocrx_word' id='word_1_135' title='bbox 507 3714 748 3802; x_wconf 77' lang='lat' dir='ltr'>conferret.</span> <span class='ocrx_word' id='word_1_136' title='bbox 782 3714 972 3804; x_wconf 90' lang='lat' dir='ltr'>Otabant</span> <span class='ocrx_word' id='word_1_137' title='bbox 998 3715 1123 3802; x_wconf 87' lang='lat' dir='ltr'>etiatn</span> <span class='ocrx_word' id='word_1_138' title='bbox 1155 3737 1247 3816; x_wconf 77' lang='lat' dir='ltr'>‚nt</span> <span class='ocrx_word' id='word_1_139' title='bbox 1277 3714 1370 3829; x_wconf 82' lang='lat' dir='ltr'>ipse</span> <span class='ocrx_word' id='word_1_140' title='bbox 1402 3713 1572 3828; x_wconf 84' lang='lat' dir='ltr'>quidem</span> 
     </span>
     <span class='ocr_line' id='line_1_24' title="bbox 504 3832 1572 3936; baseline 0.005 -20"><span class='ocrx_word' id='word_1_141' title='bbox 504 3832 719 3919; x_wconf 89' lang='lat' dir='ltr'>Dotninus</span> <span class='ocrx_word' id='word_1_142' title='bbox 755 3834 944 3922; x_wconf 79' lang='lat' dir='ltr'>omniunt</span> <span class='ocrx_word' id='word_1_143' title='bbox 965 3887 980 3934; x_wconf 79' lang='grc'><strong>,</strong></span> <span class='ocrx_word' id='word_1_144' title='bbox 1010 3832 1285 3924; x_wconf 71' lang='lat' dir='ltr'>&amp;Dominus</span> <span class='ocrx_word' id='word_1_145' title='bbox 1302 3835 1572 3936; x_wconf 72' lang='lat' dir='ltr'>Sanctorum,</span> 
     </span>
     <span class='ocr_line' id='line_1_25' title="bbox 505 3949 1573 4073; baseline 0.007 -37"><span class='ocrx_word' id='word_1_146' title='bbox 505 3949 782 4066; x_wconf 81' lang='lat' dir='ltr'>spiritualiter</span> <span class='ocrx_word' id='word_1_147' title='bbox 802 3952 874 4065; x_wconf 83' lang='lat' dir='ltr'>qui</span> <span class='ocrx_word' id='word_1_148' title='bbox 893 3982 1041 4039; x_wconf 86' lang='lat' dir='ltr'>omnes</span> <span class='ocrx_word' id='word_1_149' title='bbox 1072 3982 1173 4044; x_wconf 83' lang='lat' dir='ltr'>tuos</span> <span class='ocrx_word' id='word_1_150' title='bbox 1209 3955 1345 4073; x_wconf 84' lang='lat' dir='ltr'>tegit,</span> <span class='ocrx_word' id='word_1_151' title='bbox 1366 3949 1416 4042; x_wconf 76' lang='lat' dir='ltr'>,dt</span> <span class='ocrx_word' id='word_1_152' title='bbox 1434 3955 1487 4042; x_wconf 90' lang='lat' dir='ltr'>de</span> <span class='ocrx_word' id='word_1_153' title='bbox 1507 3981 1573 4043; x_wconf 81' lang='lat' dir='ltr'>te·</span> 
     </span>
     <span class='ocr_line' id='line_1_26' title="bbox 505 4065 1573 4190; baseline 0.007 -34"><span class='ocrx_word' id='word_1_154' title='bbox 505 4073 651 4158; x_wconf 82' lang='lat' dir='ltr'>nebris</span> <span class='ocrx_word' id='word_1_155' title='bbox 677 4072 820 4157; x_wconf 86' lang='lat' dir='ltr'>mnndi</span> <span class='ocrx_word' id='word_1_156' title='bbox 841 4073 1019 4172; x_wconf 82' lang='lat' dir='ltr'>educit,</span> <span class='ocrx_word' id='word_1_157' title='bbox 1047 4072 1120 4186; x_wconf 87' lang='lat' dir='ltr'>qni</span> <span class='ocrx_word' id='word_1_158' title='bbox 1142 4065 1274 4190; x_wconf 81' lang='lat' dir='ltr'>iegetn</span> <span class='ocrx_word' id='word_1_159' title='bbox 1299 4071 1476 4185; x_wconf 74' lang='lat' dir='ltr'>antiqno</span> <span class='ocrx_word' id='word_1_160' title='bbox 1494 4103 1573 4188; x_wconf 79' lang='lat' dir='ltr'>pot·</span> 
     </span>
     <span class='ocr_line' id='line_1_27' title="bbox 486 4189 1574 4310; baseline 0.006 -37"><span class='ocrx_word' id='word_1_161' title='bbox 486 4192 604 4301; x_wconf 81' lang='lat' dir='ltr'>puio</span> <span class='ocrx_word' id='word_1_162' title='bbox 623 4192 738 4276; x_wconf 90' lang='lat' dir='ltr'>dedit</span> <span class='ocrx_word' id='word_1_163' title='bbox 759 4246 772 4289; x_wconf 86' lang='lat'>,</span> <span class='ocrx_word' id='word_1_164' title='bbox 803 4190 848 4276; x_wconf 93' lang='lat' dir='ltr'>in</span> <span class='ocrx_word' id='word_1_165' title='bbox 869 4221 994 4279; x_wconf 82' lang='lat' dir='ltr'>carne</span> <span class='ocrx_word' id='word_1_166' title='bbox 1012 4191 1499 4310; x_wconf 79' lang='lat' dir='ltr'>veniensinteliigentiae</span> <span class='ocrx_word' id='word_1_167' title='bbox 1516 4189 1574 4279; x_wconf 84' lang='lat' dir='ltr'>af·</span> 
     </span>
     <span class='ocr_line' id='line_1_28' title="bbox 502 4306 1573 4422; baseline 0.011 -33"><span class='ocrx_word' id='word_1_168' title='bbox 502 4306 630 4392; x_wconf 82' lang='lat' dir='ltr'>ferret</span> <span class='ocrx_word' id='word_1_169' title='bbox 667 4312 822 4395; x_wconf 86' lang='lat' dir='ltr'>donum</span> <span class='ocrx_word' id='word_1_170' title='bbox 851 4337 877 4407; x_wconf 77' lang='lat'>,⁶</span> <span class='ocrx_word' id='word_1_171' title='bbox 897 4341 982 4422; x_wconf 90' lang='lat' dir='ltr'>quo</span> <span class='ocrx_word' id='word_1_172' title='bbox 1023 4312 1165 4397; x_wconf 78' lang='lat' dir='ltr'>fideles</span> <span class='ocrx_word' id='word_1_173' title='bbox 1187 4314 1326 4399; x_wconf 80' lang='lat' dir='ltr'>eorde</span> <span class='ocrx_word' id='word_1_174' title='bbox 1373 4316 1573 4401; x_wconf 78' lang='lat' dir='ltr'>mandato</span> 
     </span>
     <span class='ocr_line' id='line_1_29' title="bbox 504 4421 1572 4544; baseline 0.01 -37"><span class='ocrx_word' id='word_1_175' title='bbox 504 4427 553 4507; x_wconf 90' lang='lat' dir='ltr'>ad</span> <span class='ocrx_word' id='word_1_176' title='bbox 591 4421 819 4512; x_wconf 81' lang='lat' dir='ltr'>videndum</span> <span class='ocrx_word' id='word_1_177' title='bbox 840 4428 1074 4515; x_wconf 86' lang='lat' dir='ltr'>Dominum</span> <span class='ocrx_word' id='word_1_178' title='bbox 1093 4453 1464 4544; x_wconf 85' lang='lat' dir='ltr'>septaeparatent,</span> <span class='ocrx_word' id='word_1_179' title='bbox 1496 4461 1572 4517; x_wconf 86' lang='lat' dir='ltr'>nn·</span> 
     </span>
     <span class='ocr_line' id='line_1_30' title="bbox 504 4541 1573 4651; baseline 0.015 -28"><span class='ocrx_word' id='word_1_180' title='bbox 504 4543 556 4624; x_wconf 93' lang='lat' dir='ltr'>de</span> <span class='ocrx_word' id='word_1_181' title='bbox 590 4541 775 4630; x_wconf 74' lang='lat' dir='ltr'>dicitutt</span> <span class='ocrx_word' id='word_1_182' title='bbox 810 4545 1068 4633; x_wconf 80' lang='lat' dir='ltr'>OAdonni.</span> <span class='ocrx_word' id='word_1_183' title='bbox 1105 4547 1300 4641; x_wconf 78' lang='lat' dir='ltr'>Orabant</span> <span class='ocrx_word' id='word_1_184' title='bbox 1332 4550 1490 4651; x_wconf 86' lang='lat' dir='ltr'>etiam,</span> <span class='ocrx_word' id='word_1_185' title='bbox 1521 4573 1573 4638; x_wconf 89' lang='lat' dir='ltr'>nt</span> 
     </span>
     <span class='ocr_line' id='line_1_31' title="bbox 503 4658 1573 4780; baseline 0.007 -32"><span class='ocrx_word' id='word_1_186' title='bbox 503 4658 606 4760; x_wconf 83' lang='lat' dir='ltr'>itte,</span> <span class='ocrx_word' id='word_1_187' title='bbox 638 4663 709 4774; x_wconf 87' lang='lat' dir='ltr'>qui</span> <span class='ocrx_word' id='word_1_188' title='bbox 738 4692 798 4750; x_wconf 87' lang='lat' dir='ltr'>est</span> <span class='ocrx_word' id='word_1_189' title='bbox 833 4697 930 4751; x_wconf 80' lang='lat' dir='ltr'>veta</span> <span class='ocrx_word' id='word_1_190' title='bbox 964 4666 1114 4763; x_wconf 82' lang='lat' dir='ltr'>radix,-</span> <span class='ocrx_word' id='word_1_191' title='bbox 1146 4698 1242 4780; x_wconf 83' lang='lat' dir='ltr'>qaae</span> <span class='ocrx_word' id='word_1_192' title='bbox 1263 4671 1315 4752; x_wconf 91' lang='lat' dir='ltr'>de</span> <span class='ocrx_word' id='word_1_193' title='bbox 1334 4668 1452 4777; x_wconf 75' lang='lat' dir='ltr'>Jesse</span> <span class='ocrx_word' id='word_1_194' title='bbox 1479 4690 1573 4757; x_wconf 85' lang='lat' dir='ltr'>etat</span> 
     </span>
     <span class='ocr_line' id='line_1_32' title="bbox 499 4780 1696 4910; baseline 0.011 -45"><span class='ocrx_word' id='word_1_195' title='bbox 499 4780 692 4882; x_wconf 84' lang='lat' dir='ltr'>exitura,</span> <span class='ocrx_word' id='word_1_196' title='bbox 724 4807 832 4870; x_wconf 83' lang='lat' dir='ltr'>esset</span> <span class='ocrx_word' id='word_1_197' title='bbox 849 4784 909 4873; x_wconf 84' lang='lat' dir='ltr'>eis</span> <span class='ocrx_word' id='word_1_198' title='bbox 925 4782 1090 4910; x_wconf 81' lang='lat' dir='ltr'>aignutn</span> <span class='ocrx_word' id='word_1_199' title='bbox 1106 4789 1398 4902; x_wconf 82' lang='lat' dir='ltr'>poptt&#39;iorttm,</span> <span class='ocrx_word' id='word_1_200' title='bbox 1429 4792 1479 4875; x_wconf 90' lang='lat' dir='ltr'>ad</span> <span class='ocrx_word' id='word_1_201' title='bbox 1495 4818 1568 4877; x_wconf 77' lang='lat' dir='ltr'>cn·</span> <span class='ocrx_word' id='word_1_202' title='bbox 1692 4895 1696 4904; x_wconf 25' lang='grc' dir='ltr'><strong><em>Ι</em></strong></span> 
     </span>
    </p>
   </div>
   <div class='ocr_carea' id='block_1_3' title="bbox 0 0 2147 6116">
    <p class='ocr_par' dir='ltr' id='par_1_4' title="bbox 0 0 2147 6116">
     <span class='ocr_line' id='line_1_33' title="bbox 0 0 2147 6116; baseline 0 0"><span class='ocrx_word' id='word_1_203' title='bbox 0 0 2147 6116; x_wconf 95' lang='lat' dir='ltr'> </span> 
     </span>
    </p>
   </div>
  </div>
 </body>
</html>
