4284 6125
422 1256 428 1267 b

1674 1235 1698 1288 l

840 1388 1287 1452 nxearcan1o:
1535 1372 1598 1488 ὅς

535 1495 774 1584 fenestras,
803 1482 1077 1573 &cancellos
1099 1545 1112 1585 ,
1146 1488 1354 1573 undenos
1384 1486 1602 1606 perspice.

537 1636 601 1701 ret
626 1604 777 1710 ,fecit.
801 1604 1007 1720 Prospicit
1056 1605 1148 1718 ipse
1170 1633 1247 1692 noa
1267 1634 1342 1720 per
1361 1605 1603 1712 fenestram

537 1735 619 1819 hoc
637 1750 701 1813 est
722 1786 735 1823 ,
768 1754 842 1839 per
858 1725 1046 1842 quinque
1065 1753 1209 1810 sensns
1228 1727 1424 1839 corporis
1448 1728 1608 1816 sollici·

538 1877 580 1938 te
617 1849 841 1932 intuetur.
890 1843 979 1928 Ubi
1001 1842 1113 1927 enirn
1137 1840 1223 1956 ipse
1252 1875 1338 1929 non
1368 1846 1607 1960 prospicit,

540 1997 654 2054 mors
674 1962 880 2063 ascendit3
897 1967 1007 2047 unde
1023 1962 1224 2073 jeremias
1244 1963 1299 2049 ait
1326 1966 1399 2083 (t)
1419 1996 1430 2049 ε
1453 1968 1609 2053 Ascen-

542 2089 600 2175 dit
614 2113 724 2172 mors
733 2111 809 2198 per
815 2080 1020 2194 fenestras
1035 2102 1198 2168 nostrae
1232 2147 1242 2166 .
1281 2085 1332 2169 Et
1350 2084 1424 2200 (a)
1449 2085 1610 2200 respicit

535 2238 611 2326 per
638 2205 841 2305 cancellos
871 2262 885 2301 2
918 2203 999 2298 hoc
1030 2224 1092 2289 est
1114 2260 1128 2300 ‚
1154 2229 1228 2315 per
1250 2199 1608 2316 inspirationem.

544 2326 627 2413 Vei
660 2321 744 2415 stez
778 2320 896 2419 Sicut
925 2322 986 2408 soi
1004 2321 1165 2419 intrans
1187 2350 1260 2435 per
1278 2321 1482 2408 fenestras
1518 2323 1611 2408 ihu·

545 2443 677 2529 minat
712 2440 914 2537 domum,
959 2440 1016 2526 ita
1048 2439 1238 2530 Christus
1290 2442 1527 2556 exemplo,
1565 2459 1611 2528 et

546 2555 839 2653 admonitione
880 2560 1190 2673 Apostolorum
1226 2590 1302 2648 nor
1322 2557 1607 2656 iiluminavit.

549 2679 666 2765 Sicut
699 2705 772 2792 per
792 2675 1016 2774 Cancehos
1037 2741 1047 2773 ‚
1083 2681 1162 2764 hoc
1181 2701 1278 2779 ert,
1313 2710 1387 2795 per
1406 2673 1613 2792 parvafo·

548 2796 703 2885 ramina
723 2825 848 2912 parva
869 2795 942 2881 lux
958 2796 1090 2885 intrat
1116 2857 1132 2901 ,
1179 2797 1238 2888 sic
1260 2801 1433 2889 obscura
1454 2796 1613 2917 cogita·

550 2918 614 3006 tio
630 2945 707 3035 pet
736 2917 967 3034 Prophetas
987 2979 997 3002 .

1007 3154 1145 3241 XLI.

884 3355 1274 3419 DEPULPITO
1370 3411 1372 3415 Α

674 3508 753 3595 Per
782 3504 998 3620 Puipitum
1025 3503 1138 3590 enim
1158 3504 1337 3590 charitas
1354 3498 1617 3619 designatum·

556 3625 667 3719 unde
690 3619 811 3709 lsaias
841 3627 1050 3736 Propheta
1085 3623 1142 3707 ait
1161 3624 1258 3741 (3):
1295 3627 1424 3738 Super
1439 3644 1615 3717 montem

552 3748 758 3845 excelsum
783 3749 955 3833 ascende
969 3767 1047 3842 tu,
1078 3741 1150 3859 qui
1179 3745 1433 3864 evangelipos
1450 3742 1548 3836 Sion
1570 3800 1583 3829 .
1622 3816 1625 3823 .

977 3974 1168 4065 XLII.

835 4176 1336 4242 nncnmnnutnn

674 4333 925 4450 Campaniie
957 4365 1062 4437 vero
1082 4354 1272 4430 montem
1306 4326 1522 4447 significat*
1545 4311 1618 4450 ex}

559 4450 868 4552 celsissimum,
901 4456 980 4541 hoc
999 4479 1063 4543 est
1092 4514 1107 4554 ,
1138 4451 1416 4553 charitatem
1450 4453 1492 4537 in
1530 4475 1618 4559 quo

559 4593 737 4671 monte,
771 4575 850 4660 hoc
877 4594 973 4673 est,
1000 4573 1044 4658 in
1079 4572 1282 4669 charitate
1318 4592 1426 4654 state
1458 4573 1618 4670 debent

562 4718 774 4812 ¹campanae
805 4751 820 4793 ,
856 4692 936 4786 hoc
973 4716 1064 4793 est,
1098 4690 1403 4779 Praedicatores
1439 4721 1452 4791 ;
1505 4685 1618 4792 und'q

590 4949 644 5043 (ι)
660 4905 732 5033 jer.
755 4975 810 5027 tx.
829 4976 887 5030 21.
936 4958 994 5051 (a)
1012 4953 1151 5029 Cantic.
1166 4955 1216 5035 11.
1228 4980 1266 5051 9·
1316 4809 1379 5053 ἱ)
1394 4952 1458 5024 1⁵²·
1471 4971 1576 5067 ¹99⁴
