4284 6125
794 1368 1071 1437 ΕκηῐοΑ
1096 1375 1233 1437 T10.
1317 1410 1323 1420 -
1459 1382 1547 1475 493

509 1467 662 1571 tolum3
691 1467 831 1578 Jesum
852 1468 1125 1555 Sacerdotem
1159 1496 1382 1585 magnum,
1404 1500 1551 1563 verum

509 1611 774 1699 eternumque
793 1586 1038 1676 Pontificem
1061 1588 1548 1699 esseJesumChristum;

510 1704 749 1822 eptuaginta
782 1735 914 1791 annos
948 1766 962 1806 ,
995 1710 1207 1792 bonorum
1245 1707 1549 1821 plenitudinem

509 1832 663 1937 rper'um
680 1885 694 1922 ,
713 1907 716 1913 ,
732 1853 827 1936 quae
845 1854 937 1939 ,per
959 1825 1142 1939 Spiritus
1176 1825 1319 1913 Sancti
1349 1827 1457 1917 dona
1476 1832 1550 1917 lar·

509 1942 654 2048 ,iuncus
684 1972 698 2046 3
741 1943 937 2049 videlicet
969 1969 1146 2057 propter
1176 1943 1434 2058 Decalogum
1460 2005 1474 2039 ,
1502 1948 1549 2036 δι

509 2059 773 2173 eptilormem
805 2059 989 2170 ejusdem
1016 2061 1198 2177 Spiritus
1229 2062 1401 2178 gratiam
1436 2064 1549 2153 vide·

509 2205 531 2263 e
566 2182 644 2267 hoc
673 2177 863 2292 quotidie
898 2178 1022 2281 lieri,
1058 2179 1148 2269 aliis
1182 2179 1377 2267 nimirum
1413 2213 1435 2268 a
1465 2183 1548 2272 dia·

509 2300 586 2382 olo
613 2300 663 2383 dc
699 2297 882 2386 Ecclesia
904 2301 1116 2414 peccando
1153 2298 1311 2413 raptis,
1343 2298 1434 2386 aliis
1461 2332 1550 2417 gra·

509 2414 543 2503 ia
564 2412 744 2529 Spiritus
760 2413 900 2507 Sancti
913 2447 986 2532 per
1005 2416 1222 2505 Christum
1242 2415 1548 2532 resipiscendo,
1583 2522 1586 2532 y

511 2565 533 2622 c
561 2536 812 2646 poenitendo
839 2534 1159 2636 reconciliatis,
1193 2535 1337 2621 vinum
1362 2537 1413 2621 de
1447 2567 1554 2650 aqua

509 2655 640 2741 actum
679 2654 836 2757 habet,
869 2655 965 2770 quia
1006 2657 1054 2740 ad
1090 2683 1131 2740 se
1165 2653 1419 2769 pertinere,
1453 2686 1550 2769 qnae

511 2769 646 2883 cripta
664 2798 793 2872 sunt,
824 2772 1096 2889 intelligens,
1129 2799 1278 2883 magno
1306 2801 1403 2858 mox
1437 2804 1551 2862 com-

509 2889 733 2976 »unctionis
776 2895 925 2979 ardore
969 2889 1083 3004 quasi
1119 2917 1256 2978 musto
1293 2889 1550 2983 incalescens

509 3005 687 3118 tuicquid
705 3008 784 3093 sibi
805 3007 967 3123 peccati
984 3007 1235 3126 captivantis
1253 3009 1388 3097 inesse
1404 3012 1553 3128 depre.

509 3122 712 3224 renderit,
745 3126 908 3217 Christi
929 3128 1060 3247 gratia
1079 3128 1247 3218 liberari
1264 3130 1458 3244 deposcit
1478 3193 1490 3224 0

860 3305 1177 3394 CCLXXIX.

807 3450 867 3513 os
897 3453 1030 3520 sexta
1060 3451 1229 3515 usuum

604 3598 728 3689 Sexta
761 3601 988 3695 inchoante
1015 3604 1144 3695 seculi
1188 3624 1311 3693 aetate
1341 3600 1556 3692 Dominus

509 3742 532 3800 u
568 3746 694 3804 carne
726 3753 963 3837 apparens,
1003 3749 1150 3814 octava
1183 3722 1250 3811 die
1270 3720 1551 3821 Natiuitatis,

509 3857 600 3921 uxta
646 3840 774 3955 legem
822 3841 1091 3932 circumcisus
1133 3844 1207 3960 (ι)
1241 3864 1303 3927 est
1340 3871 1354 3943 ;
1395 3838 1551 3956 trigest-

509 3981 583 4054 ta,
615 3954 655 4043 u
677 3958 798 4045 tertia
817 3986 912 4075 post
941 3965 1044 4050 hanc
1064 3965 1113 4049 ad
1136 3962 1335 4073 templum
1356 3960 1514 4045 delatus
1535 4018 1551 4058 ,

513 4094 528 4153 t
555 4072 694 4189 legalia
727 4109 804 4192 pro
831 4110 882 4167 eo
910 4104 1007 4168 sunt
1035 4107 1207 4168 mouera
1230 4080 1371 4182 ‚oblata
1399 4139 1410 4161 .
1448 4078 1554 4168 llaec

509 4214 696 4283 utuentes
722 4201 771 4284 ad
805 4198 963 4285 literam
997 4224 1142 4315 aperte
1182 4196 1398 4297 discimus,
1419 4227 1551 4308 quous

509 4335 527 4389 a
553 4314 673 4400 nobis
703 4318 918 4431 diligentia
941 4347 1039 4406 sunt
1059 4316 1307 4431 Euangeliou
1338 4314 1554 4402 subeunda

509 4430 705 4532 nysteria,
739 4441 904 4549 qnando
933 4439 1020 4550 ipse
1048 4435 1387 4523 benedictionem
1406 4430 1552 4547 gratiae

511 4541 664 4636 fferens
697 4612 711 4649 ,
739 4557 809 4667 qui
847 4558 976 4673 legent
1010 4556 1145 4654 literae
1170 4553 1318 4658 dedit,
1356 4574 1555 4672 vetuerunt

509 4660 626 4751 trimo
656 4674 1000 4764 caeremoniarum
1033 4674 1120 4762 ritu
1156 4669 1442 4768 consecrari,
1474 4659 1550 4789 ‘qui

535 4924 589 5011 (1)
607 4923 708 4994 anae
723 4930 844 5020 capul.
858 4953 991 5005 venat.
1066 4893 1087 5012 Ι,
