4284 6125
1709 1426 2677 1529 εκειισᾼτιοε,
3043 1430 3213 1543 56ι

1091 1549 1604 1667 quicumque
1639 1579 1810 1645 non
1847 1550 2323 1651 adoraverit
2358 1545 2797 1668 imaginem
2822 1604 2851 1653 ,
2886 1553 3223 1639 occide-

1088 1695 1226 1759 tur
1262 1670 1810 1787 corporaliter
1849 1732 1870 1769 ,
1940 1670 2039 1771 Et
2081 1700 2255 1767 non
2290 1668 2557 1769 solum
2616 1668 2930 1757 facient
2989 1670 3145 1761 hoc
3182 1728 3219 1773 ,

1087 1794 1232 1877 sed
1291 1792 1542 1889 etiarn
1606 1789 1913 1890 facient
1975 1816 2269 1889 omnes
2314 1790 2675 1902 populos
2736 1786 3061 1904 fragiles
3125 1787 3219 1875 in

1087 1910 1252 2003 fide
1289 1968 1320 2011 ,
1379 1908 1465 2009 ἃ
1507 1938 1913 2026 pauperes
1975 1905 2064 1999 in
2119 1908 2523 1998 charitate
2580 1907 2879 1993 habere
2938 1910 3239 2001 chara·.

1088 2054 1404 2121 cterem
1443 2090 1472 2129 ,
1529 2032 1797 2130 idest,
1829 2028 2151 2146 siguum
2184 2022 2695 2129 Antichristi
2754 2021 2843 2109 in
2878 2026 3225 2115 dextera

1085 2175 1336 2243 manu
1374 2207 1403 2246 ,
1466 2146 1682 2239 idest
1720 2145 1873 2244 ,iu
1912 2145 2414 2260 operatione
2471 2176 2498 2250 ;
2570 2143 2703 2230 vel
2765 2140 2857 2226 in
2918 2141 3222 2232 fronti·
3298 2244 3311 2257 ι

1084 2265 1238 2361 bus
1277 2263 1448 2359 suis
1491 2329 1515 2366 ‚
1567 2263 1790 2353 idest
1817 2324 1846 2366 ,
1881 2262 1970 2365 in
2009 2265 2408 2364 cordibus
2441 2262 2610 2352 suis
2652 2294 2680 2364 ;
2744 2259 2831 2349 ἃ
2894 2258 2985 2345 in
3018 2293 3225 2352 con·

1079 2382 1464 2480 scientiis
1533 2441 1562 2483 ,
1623 2384 1840 2472 idest
1906 2444 1938 2488 2
1989 2406 2363 2499 utroque
2434 2386 2666 2479 bono
2728 2379 3147 2467 fraudatos
3187 2448 3212 2469 .

1076 2502 1187 2595 Et
1226 2500 1474 2589 etiam
1508 2502 2169 2619 facient,nequis
2207 2501 2475 2620 possit
2511 2502 2659 2619 (ι)
2704 2528 2982 2586 emere
3020 2558 3048 2601 ,
3086 2500 3225 2589 vel

1080 2620 1451 2717 vendere
1489 2622 1798 2737 aliquid
1835 2684 1867 2725 ,
1934 2621 2094 2725 nisi
2152 2624 2296 2736 qui
2358 2619 2739 2709 habuerit
2806 2622 3225 2708 characte-

1074 2763 1290 2838 rem,
1321 2737 1571 2845 idest,
1606 2744 1936 2858 signum
1969 2739 2479 2829 Antichristi
2517 2799 2544 2849 2
2582 2737 2904 2827 scilicet
2938 2740 3223 2839 fidem,

1073 2881 1212 2954 aut
1260 2889 1569 2958 nomen
1608 2923 1637 2962 ,
1670 2860 1888 2947 idest
1920 2918 1949 2960 ,
1979 2886 2072 2957 ut
2109 2888 2464 2957 vocetur
2500 2857 3215 2961 Antichristianus.
3320 2914 3329 2933 ·

1071 2973 1484 3070 Similiter
1557 2977 1872 3080 etenim
1969 2979 2307 3092 quidam
2415 2977 2769 3090 majores
2854 2976 3215 3065 terrenis

1069 3093 1337 3180 dediti
1380 3123 1720 3216 surgent
1753 3101 2150 3202 adversus
2186 3099 2467 3198 fideles
2516 3158 2545 3198 ,
2618 3102 2715 3184 ad
2765 3127 2911 3196 eos
2958 3098 3230 3185 tribu-

1067 3209 1401 3300 landum
1443 3274 1472 3316 ,
1541 3239 1632 3303 ut
1667 3248 1708 3304 a
1747 3216 1905 3319 fide
1942 3246 2140 3322 eos,
2204 3217 2612 3306 instinctu
2650 3216 3164 3312 Antichristi
3191 3275 3225 3316 ,

1071 3357 1459 3444 separare
1497 3335 1825 3430 valeant
1866 3400 1887 3422 .
1961 3336 2066 3430 Et
2115 3337 2449 3450 quidam
2485 3336 2869 3430 similiter
2928 3335 3227 3428 infide·

1069 3447 1274 3538 lium
1315 3455 2815 3560 movebuntur,idest,convertentur
2851 3453 2947 3548 ad
2978 3453 3235 3540 fidem.

1069 3595 1690 3684 cognoscentes
1723 3572 2352 3672 Antichristurn
2377 3602 2551 3672 esse
2594 3595 2953 3666 mortem
2993 3602 3233 3664 mun·

1070 3687 1158 3780 di
1209 3750 1234 3784 ,-
1281 3689 1381 3774 Et
1419 3690 1824 3808 Episcopi
1865 3754 1892 3794 ,
1937 3690 2024 3790 ,ἃ
2060 3692 2323 3788 ceteri
2362 3690 2691 3778 Praelati
2731 3751 2759 3794 ,
2823 3720 3002 3808 prae
3042 3687 3227 3778 aliis

1068 3803 1162 3900 in
1201 3806 1573 3905 Ecclesia
1615 3813 1992 3899 lucentes
2027 3810 2719 3907 deformabuntur
2758 3869 2787 3909 ,
2860 3837 2951 3896 et
2986 3805 3229 3894 deni-

1067 3928 1530 4041 grabuntur
1579 3960 1605 4030 ;
1672 3957 1758 4017 et
1814 3933 2030 4044 apud
2095 3927 2472 4026 infideles
2542 3928 2659 4012 ita
2720 3925 2931 4013 viles
2990 3948 3232 4041 puta-

1069 4047 1386 4138 buntur
1412 4105 1441 4145 ,
1475 4050 1700 4160 quod
1738 4048 1950 4134 nibil
1988 4044 2208 4133 aliud
2244 4046 2884 4133 aestimabuntur
2912 4101 2943 4142 ‚
2978 4073 3229 4157 quam

1067 4189 1565 4278 peccatores
1633 4229 1657 4253 .
1731 4167 1834 4264 Et
1894 4164 2264 4253 minores
2319 4161 2677 4272 subjecti
2722 4224 2751 4264 ,
2819 4161 3229 4260 videlicet

1071 4283 1354 4367 fideies
1389 4285 1476 4371 in
1509 4308 1768 4380 nocte
1808 4280 2046 4388 hujus
2091 4282 2377 4370 mundi
2432 4280 3045 4395 aliquantulum
3108 4281 3231 4376 lu-

1071 4427 1264 4484 men
1305 4400 1498 4498 tidei
1536 4401 1718 4500 aliis
1753 4405 2043 4500 dantes
2074 4463 2103 4503 ,
2140 4400 2254 4488 ita
2296 4409 2913 4515 reputabuntur
2952 4399 3093 4512 (α)
3126 4399 3229 4482 ab

1073 4516 1614 4609 Antichristo
1650 4580 1681 4623 ,
1719 4543 1814 4610 ut
1847 4520 2014 4616 viti
2047 4518 2541 4639 sanguinum
2580 4580 2608 4619 ‚
2662 4519 2929 4618 idest,
2960 4511 3233 4614 homi-2

2555 4636 2761 4734 Nn

1135 4799 1242 4882 (ι)
1276 4798 1459 4874 Cod.
1499 4815 1719 4897 posset
1745 4850 1767 4876 .

1125 4898 1242 4986 (2)
1298 4894 1402 4968 Ita
1449 4901 1848 4995 posuimus.
1911 4899 2098 4982 cod.
2127 4903 2448 4982 mendose
2479 4900 3079 5002 repugnabunrur.
