4284 6125
842 1319 1281 1388 exsuscitare.
1517 1331 1606 1418 331

540 1443 719 1554 tempus
740 1421 929 1530 paschale
963 1448 1043 1532 pro
1071 1445 1153 1502 una
1159 1433 1405 1530 reputetur
1427 1443 1614 1528 octava;

537 1541 591 1625 Et
625 1535 821 1626 similiter
846 1564 1010 1651 ternpus
1042 1518 1318 1623 aNativitate
1339 1535 1522 1627 Domini
1546 1570 1612 1629 us·

540 1685 625 1772 que
649 1657 699 1745 ad
717 1680 909 1747 octavam
932 1653 1215 1772 Epiphaniae.

924 1889 1231 1980 CLXXVI.

805 2090 883 2156 ne
918 2038 1371 2157 aususausus*
1438 2096 1462 2193 .'

602 2248 788 2366 Populus
805 2248 933 2336 lsrael
958 2269 1139 2362 quatuor
1170 2275 1390 2366 praecipua
1405 2250 1613 2342 solemnia

543 2371 817 2458 celebrabat:
837 2367 990 2457 Pascha
1007 2364 1201 2467 scilicet,
1231 2370 1326 2482 qula
1347 2394 1445 2457 tunc
1465 2366 1614 2458 libera·

545 2489 611 2576 vit
629 2517 701 2573 eos
720 2488 839 2574 Deus
872 2517 894 2573 a
923 2484 1131 2573 seruitute
1151 2486 1363 2605 AEgypti,
1393 2485 1436 2575 dt
1460 2519 1482 2575 tt
1515 2518 1613 2605 pet·

544 2607 742 2696 cussione
763 2602 956 2741 Angeli,
974 2602 1106 2691 linitis
1123 2609 1320 2722 postibus
1336 2609 1390 2692 de
1409 2609 1613 2725 sanguine

546 2725 640 2843 agni
667 2722 953 2811 immaculati:
984 2726 1268 2812 Pentecosten
1313 2726 1613 2828 celebrabant,

543 2844 641 2980 quia
667 2867 765 2932 tunc
798 2865 1079 2960 susceperunt
1099 2845 1263 2961 legemr
1278 2843 1338 2933 ἃ
1370 2844 1614 2960 Scenophe·

544 2963 652 3081 giam
671 2963 716 3049 in
735 2991 879 3050 mense
896 2963 1183 3079 Septembris.
1195 2968 1243 3051 ln
1262 2961 1398 3051 hieme
1417 2966 1617 3052 observas

544 3086 646 3168 bant
665 3081 985 3170 Encaenia.Nos
1001 3107 1141 3169 auteur
1161 3109 1322 3172 tantum
1341 3086 1426 3171 duo
1443 3082 1615 3173 illorum

544 3229 790 3300 servamus,
821 3200 983 3290 scilicet
1007 3204 1193 3304 Pascha,
1222 3202 1266 3291 dt
1298 3206 1579 3291 Pentecosten
1597 3251 1618 3303 ,-

543 3324 617 3406 sed
638 3320 716 3405 alia
733 3316 932 3452 ratione,
963 3350 1086 3431 quam
1121 3319 1214 3405 illi.
1247 3320 1309 3407 llli
1341 3323 1614 3409 celebrabant

542 3440 725 3538 Pascha,
757 3435 855 3551 quia
879 3441 929 3525 ab
943 3437 1198 3555 AEgyptiaca
1214 3436 1424 3528 servitute
1443 3440 1612 3530 liberati

541 3583 676 3660 sunt;
710 3585 788 3643 nos
808 3585 913 3643 vero
927 3558 1026 3646 ideo
1041 3561 1196 3645 Pascha
1212 3558 1495 3661 celebramus,
1515 3560 1615 3674 quia

543 3702 643 3764 tunc
671 3705 745 3792 pet
768 3673 992 3764 Christum
1012 3677 1222 3792 redempti
1242 3708 1406 3766 sumus
1425 3680 1487 3765 llli
1506 3682 1613 3767 cele·

539 3799 717 3883 brabant
735 3799 1013 3885 Pentecosten
1033 3855 1047 3898 ,
1071 3797 1177 3911 quia
1204 3821 1302 3886 tunc
1322 3799 1455 3912 legem
1474 3827 1615 3885 susce·

538 3939 727 4029 perunt
715 3980 729 4020 ,
761 3913 804 4003 δι
825 3945 902 4001 nos
924 3918 1049 4015 ideo,
1068 3913 1165 4031 quia
1181 3915 1384 4031 Apostoli
1403 3915 1613 4031 Spiritum

539 4032 740 4123 Sanctum
760 4027 1160 4149 susceperunt.1lli
1180 4060 1456 4171 susceperunt
1476 4037 1613 4154 legem

539 4148 585 4236 in
607 4153 759 4239 tabulis
794 4154 967 4269 lapideis
988 4153 1252 4243 extrinsecus
1282 4154 1527 4290 scriptam,
1558 4156 1629 4250 ad:

541 4272 836 4388 designandam
856 4303 1003 4359 eurum
1024 4272 1248 4371 dutitiam,
1258 4274 1461 4386 quoniam
1476 4302 1611 4385 usque

540 4390 588 4473 ad
607 4392 868 4502 spiritualem
886 4391 1149 4479 intellectam
1181 4392 1317 4479 literae
1340 4420 1425 4478 non
1449 4394 1628 4509 petriu·.

540 4512 725 4621 gebanr;
758 4514 829 4596 secl
850 4509 1072 4625 Spiritus
1057 4510 1237 4598 Sanctus
1263 4514 1382 4596 datus
1401 4537 1465 4596 est
1483 4510 1611 4599 disci·
1621 4589 1626 4604 .

536 4628 649 4741 pulis
676 4628 867 4715 incorde
900 4629 1034 4747 digitu
1067 4607 1185 4729 Dei,
1215 4627 1422 4741 spirituali
1454 4630 1611 4720 intelli·

536 4744 678 4862 gentia
696 4745 812 4837 intus
831 4750 891 4837 eis
909 4750 1129 4841 dictante
1147 4753 1423 4838 Pentecostes
1451 4750 1611 4851 dicitur¹
