4284 6125
532 1359 586 1439 18
765 1378 1036 1441 mveuonune
1067 1376 1353 1441 oructonunu

527 1469 723 1588 peccanti
762 1472 923 1558 honneni
968 1474 1122 1559 dicitur
1159 1474 1271 1590 (1):
1316 1468 1429 1584 Quid
1463 1498 1603 1587 super·

529 1593 588 1676 bis
609 1590 719 1707 (o)2
755 1589 998 1701 Babyloniae
1036 1602 1204 1707 quoque
1235 1623 1308 1705 per
1346 1590 1601 1703 Prophetam

529 1712 744 1795 Dominus
766 1713 951 1824 loquitur
970 1716 1071 1831 (3):
1103 1714 1337 1810 Descende,
1370 1709 1539 1823 inquit,
1557 1711 1600 1796 in

523 1829 692 1947 pulnere
711 1833 804 1916 sede
825 1893 837 1930 ‚
874 1834 1031 1953 Virgo,
1060 1834 1150 1943 filiu
1169 1832 1388 1949 Babylonis
1409 1891 1422 1932 ,
1448 1829 1603 1942 nonest

530 1945 675 2035 solium
695 1950 803 2035 ultra
821 1952 894 2038 tin·
912 2017 922 2037 .
962 1958 1084 2047 Unde
1113 1978 1154 2039 et
1181 1960 1446 2040 consuetudo
1462 1950 1507 2034 in
1527 1950 1603 2039 Ec·

532 2068 659 2154 clesia
677 2070 855 2157 inolevit
875 2132 889 2172 ,
908 2095 955 2158 ut
984 2106 1056 2188 per
1079 2073 1265 2191 singulos
1293 2101 1423 2160 annos
1458 2067 1499 2151 in
1521 2065 1603 2153 ini·

531 2188 595 2274 tio
631 2189 972 2308 Quadragesimae
1006 2197 1081 2309 (4)
1115 2194 1251 2306 capita
1295 2194 1418 2278 nobis
1457 2186 1602 2273 cinere

532 2336 827 2421 aspergamus.
865 2312 939 2399 Hie
969 2337 1141 2413 autem,
1172 2311 1213 2399 ἃ
1242 2312 1447 2397 similebus
1479 2304 1601 2389 facile

533 2426 805 2528 ostenditur,
839 2433 936 2544 quia
961 2461 1037 2549 per
1056 2431 1242 2521 cinerem
1262 2428 1514 2548 poenetentia
1531 2427 1601 2510 de-

537 2544 758 2661 signatur.
1183 2538 1198 2569 '

654 2665 766 2780 Quia
788 2665 917 2785 igitur
936 2668 1097 2758 dictum
1116 2668 1308 2784 est‚quid
1330 2697 1466 2779 aqua,
1498 2660 1599 2775 quid

535 2781 624 2882 sal,
645 2786 941 2897 quidvinur'n‚
975 2791 1015 2877 ἃ
1035 2791 1136 2905 quid
1154 2790 1262 2877 cinis
1281 2787 1489 2905 significet
1509 2842 1521 2880 ‚
1540 2779 1601 2866 di·

533 2930 673 2991 camus
692 2909 819 3011 modo
837 2967 851 3006 ,
869 2939 997 3021 quare
1017 2912 1141 2997 simul
1161 2910 1411 2996 misceantur
1431 2927 1511 3011 ,ut
1530 2927 1603 2983 eo·

417 3065 420 3082 ³
531 3047 624 3106 rum
656 3025 900 3138 aspersione
934 3029 1119 3118 Ecclesia
1157 3052 1460 3117 consecretur.
1496 3028 1603 3106 Puto

533 3139 679 3240 enim,
712 3147 825 3255 quod
862 3146 953 3234 sine
988 3150 1092 3251 his,
1135 3146 1169 3235 si
1201 3153 1268 3235 vel
1303 3177 1430 3234 unum
1466 3140 1605 3225 defue-

531 3257 587 3343 rit
609 3261 681 3375 (5)
703 3276 719 3359 ,’
737 3267 917 3377 populus
934 3269 1020 3356 Dei
1040 3271 1145 3389 (6),
1167 3271 1281 3382 quod
1301 3294 1364 3353 eet
1388 3259 1605 3357 Ecclesia,

533 3403 673 3487 neque
705 3385 1022 3488 sanctificatur,
1050 3417 1189 3504 neque
1210 3385 1430 3475 soluitura
1458 3407 1603 3494 pecca·

533 3493 618 3626 tis..
654 3496 707 3578 Et
728 3501 779 3584 de
800 3533 903 3617 aqua
939 3507 1109 3619 quidem
1130 3510 1205 3627 (7)
1225 3505 1488 3592 manifestum
1512 3519 1605 3594 est,

536 3639 634 3719 qula
659 3613 753 3698 Nisi
767 3620 840 3734 (8)
857 3624 948 3736 quie
972 3649 1140 3714 renatus
1151 3626 1286 3731 fuerit
1311 3653 1367 3709 ese
1382 3649 1525 3751 equo,
1560 3615 1606 3706 (3·

539 3725 687 3840 Spiritu
711 3733 860 3822 Sancto
875 3772 975 3835 ,non
992 3744 1159 3832 introbit
1175 3743 1216 3824 in
1233 3767 1401 3856 regnum
1420 3735 1495 3818 Dee
1506 3730 1602 3847 (9)

538 3843 607 3932 De
626 3852 706 3938 sule
725 3881 895 3972 quoque
914 3864 1071 3949 nullum
1089 3859 1193 3980 (ιο)
1210 3855 1384 3944 dubium
1398 3877 1460 3938 est
1479 3910 1492 3950 ,
1508 3852 1608 3964 quia

563 4055 619 4142 (1)
646 4053 843 4147 Eccli.x.9.
870 4068 966 4156 Quid
991 4091 1047 4139 su·
1122 4075 1176 4160 (4)
1191 4065 1281 4135 Vide
1297 4062 1382 4132 infra
1397 4053 1610 4130 Numnnl.

534 4148 650 4250 perbe’t
665 4169 754 4227 terra
770 4206 781 4240 ,
810 4175 842 4229 et
862 4166 942 4235 cinis
958 4171 973 4236 ?
1099 4169 1137 4239 de
1157 4164 1271 4260 Capite
1287 4161 1433 4244 Jejune'e‘.

565 4259 620 4342 (2)
647 4251 736 4325 Edit.
763 4257 849 4330 Ven.
877 4279 911 4333 et
938 4263 1047 4356 Lugd.
1126 4268 1179 4348 (ς)
1211 4257 1496 4342 Ach.defeeere'e.

540 4349 668 4419 addunt
692 4365 814 4440 terea,
845 4361 999 4429 etce’m's.
1125 4365 1178 4452 (6)
1207 4355 1298 4429 Edit.
1319 4356 1407 4426 Ven.
1438 4369 1473 4424 et
1498 4346 1609 4440 Lugd.

563 4455 617 4535 (3)
632 4447 695 4518 Isa.
712 4454 798 4524 nvn.
819 4482 849 4531 ι.
868 4458 1046 4538 Descende,
1096 4458 1235 4530 nomini
1257 4506 1268 4528 .

536 4544 611 4611 sede
631 4544 832 4644 inpuloere,
860 4557 960 4647 uirgo
970 4551 1046 4639 filia
1120 4563 1174 4648 (γ)
1202 4556 1307 4624 Editt.
1333 4551 1480 4646 quidem·
1512 4538 1606 4611 Cod-

537 4639 685 4732 Babylon
700 4697 710 4728 ,
725 4653 797 4720 sede
811 4655 844 4719 in
858 4668 948 4721 terre
964 4681 973 4720 ι
988 4676 1050 4723 non
1101 4656 1193 4753 quid.
1210 4653 1264 4728 (8)
1279 4649 1365 4718 Vide
1379 4666 1454 4738 pag·
1464 4654 1610 4727 3.not.4,

540 4740 804 4828 estsole'umfilie
815 4748 1050 4832 chaldeorum,
1126 4759 1180 4838 (9)
1198 4747 1378 4822 Edit.Ven·
1393 4737 1610 4830 etLugd.ce·

539 4835 620 4930 quia
651 4838 737 4910 ultra
777 4868 840 4914 non
875 4846 1049 4921 vocaberis
1099 4853 1232 4925 lorum.
1277 4904 1279 4909 .

538 4933 719 5020 Μῶμε
740 4957 882 5016 seneen.
1127 4953 1207 5050 (ιο)
1222 4942 1329 5018 Editt.
1341 4961 1406 5014 oon
1420 4934 1587 5031 dubium,
