4284 6125
581 1320 670 1435 462
817 1350 1086 1413 nuuuonou
1114 1348 1400 1413 osnctonuu

1008 1558 1215 1648 cett.
1334 1614 1340 1623 ·

725 1762 786 1823 DE
816 1764 956 1827 ΒΕΑΤΟ
988 1764 1156 1837 ΙΟΑΝΝΕ
1184 1762 1500 1829 must-:ussa

672 1914 856 2025 Joanncs
873 1916 1139 2033 Apostolus,
1168 1914 1213 2007 [x
1230 1916 1505 2035 Evangeiistn
1523 1914 1653 2004 inter·

586 2057 773 2145 pretatur
802 2036 942 2123 Gratia
971 2040 1050 2125 Dei
1065 2094 1081 2137 ,
1113 2028 1221 2123 fliius
1250 2032 1489 2137 zebedei,
1526 2034 1650 2121 instet

580 2151 774 2261 jacobi,
817 2156 992 2246 dilectos
1042 2158 1298 2272 praedicator
1334 2154 1567 2256 Domini,
1604 2154 1648 2240 in

580 2270 750 2383 Epheso
785 2272 1052 2393 Evangelium
1093 2277 1284 2365 scribens
1318 2334 1335 2375 ‚
1368 2298 1646 2389 peromnem

582 2387 729 2476 Asiam
759 2391 976 2481 Christum
1012 2394 1264 2484 annuntians
1293 2397 1372 2481 sub
1391 2394 1645 2483 Domitiano

581 2508 841 2623 Imperatore
889 2514 932 2601 in
973 2518 1141 2601 Patmos
1193 2514 1367 2601 insulam
1416 2542 1506 2603 non
1545 2538 1646 2629 pto·

582 2650 678 2739 pter
699 2656 856 2716 reatum
875 2633 1054 2749 aliquem
1073 2690 1088 2732 ,
1122 2632 1254 2719 immo
1268 2656 1445 2749 propter
1463 2636 1642 2721 verbum

581 2744 702 2846 Dei,
729 2750 805 2837 hoc
841 2754 931 2853 est,
969 2778 1145 2868 propter
1176 2750 1491 2852 Divinituem,
1522 2776 1644 2864 qnam

582 2867 834 2975 praedicavit
861 2896 1103 2960 consertam
1138 2868 1417 2971 humanitati,
1449 2870 1644 2971 scilicet,
1673 2910 1678 2921 ·

581 2982 679 3094 quie
712 2988 959 3100 praedicavit
991 2988 1203 3078 Christum
1237 2988 1412 3090 Deum,
1441 2987 1483 3079 dt
1513 2990 1646 3079 homi·

582 3130 714 3204 nem,
739 3138 833 3193 cum
868 3108 978 3197 dixit
999 3112 1103 3229 (t):
1137 3111 1183 3196 In
1212 3110 1403 3225 principio
1435 3132 1524 3198 erat
1548 3113 1643 3201 Ver·

580 3221 692 3320 bum,
708 3248 747 3311 ec
772 3229 943 3319 Verbum
962 3254 1049 3317 etue
1066 3235 1178 3346 opud
1195 3232 1325 3315 Deum
1345 3251 1414 3328 ‚ec
1431 3231 1543 3316 Deus
1559 3250 1645 3318 emt

589 3342 760 3430 Verbum
778 3407 792 3449 ,
821 3352 1022 3467 relegatus
1040 3347 1148 3453 fuit3
1184 3349 1326 3462 ibique
1344 3349 1643 3463 Apocalypsim

583 3485 708 3545 manu
743 3498 812 3551 sua
849 3468 1023 3581 propria
1057 3468 1261 3583 scripsit.
1296 3467 1439 3553 Postea
1462 3469 1644 3556 aNerva

582 3577 843 3690 imperatore
864 3609 1083 3676 reuocatus
1105 3591 1159 3674 eii
1183 3649 1192 3672 .
1229 3588 1312 3673 Hac
1332 3607 1470 3672 autem
1489 3590 1566 3706 (2)
1580 3585 1646 3672 die

582 3695 658 3778 soii
686 3695 933 3788 Sacerdotes
963 3729 1098 3793 totum
1116 3704 1317 3794 Officium
1349 3706 1648 3793 celebratede·

582 3813 687 3898 bent
713 3875 727 3915 ‚
761 3820 960 3912 imitando
979 3826 1115 3939 ipsum
1132 3824 1402 3912 Sacerdotem
1421 3827 1500 3914 fide
1519 3885 1534 3924 ‚
1557 3853 1648 3910 ver·

582 3931 675 4029 ΒΟ,
703 3935 893 4056 &opere
918 4004 929 4027 .
966 3950 1093 4033 Hunc
1113 3943 1309 4030 nimirum
1331 4005 1342 4041 ‚
1375 3944 1484 4032 sicut
1500 3945 1646 4042 fertur,

579 4047 795 4143 Dominus
825 4066 874 4150 de
901 4063 1060 4177 nuptiis
1091 4063 1302 4151 volentem
1339 4067 1499 4151 nubere
1526 4090 1648 4148 vocs·

582 4168 648 4255 vit
669 4173 743 4292 (3)
764 4241 774 4262 .
807 4182 857 4267 Et
877 4209 1105 4318 propterea
1138 4207 1262 4298 quem
1281 4215 1304 4271 a
1323 4185 1500 4273 carnalis
1519 4209 1651 4299 copu-

608 4427 663 4510 (1)
679 4422 776 4505 Joan.
794 4447 824 4493 1.
845 4448 874 4495 t.
1143 4472 1168 4510 ‚,
1184 4425 1417 4518 Evangelista,
1432 4449 1519 4497 unus
1543 4449 1585 4496 ex
1599 4422 1653 4495 di·

608 4527 663 4606 (2)
680 4520 770 4591 Cod.
787 4525 898 4594 enim.
1143 4571 1168 4604 ‚‚
1184 4522 1321 4613 scipulis
1337 4524 1424 4606 Dei,
1442 4523 1500 4616 qui
1518 4522 1655 4616 virgus

606 4621 664 4708 (3)
682 4620 774 4689 Beda
792 4620 823 4689 in
839 4620 975 4702 loannis
990 4621 1092 4690 Evan-
1140 4668 1165 4702 ,‚
1180 4619 1258 4689 Deo
1273 4618 1399 4691 electus
1413 4639 1479 4691 ests
1492 4644 1596 4712 quem
1611 4619 1655 4690 de

582 4712 710 4811 gelistae
720 4717 1026 4788 Commendatioue
1040 4741 1092 4785 un·
1140 4765 1163 4800 ‚,
1181 4717 1308 4808 nuptiis
1322 4717 1493 4789 volentem
1510 4719 1654 4796 nubere,

579 4829 614 4883 te
628 4816 698 4893 eius
713 4813 930 4909 Evangeliutn
950 4816 1087 4905 Totum.
1140 4816 1317 4896 „vocavit
1336 4816 1453 4885 Deus.
1471 4862 1495 4896 ‚‚
1523 4815 1566 4884 Et
1593 4811 1656 4885 At·

578 4910 732 5001 col-515.
746 4962 772 5000 ,,
791 4913 858 4987 Hic
875 4931 926 4984 est
946 4913 1090 4996 loannes
1141 4910 1263 4983 cuinus
1291 4913 1326 4984 in
1342 4911 1494 5008 Epistola
1511 4921 1526 5004 (
1541 4911 1655 4985 Com·
