4284 6125
628 1338 711 1459 ¹⁷⁶
830 1337 1124 1426 fntvmottunt
1153 1359 1434 1425 sanctonum

627 1487 745 1546 suunt
765 1514 779 1557 ,
809 1456 969 1547 scilicet
988 1459 1202 1545 oculorum
1222 1515 1236 1558 ,
1266 1481 1309 1545 ct
1327 1458 1488 1542 aurium
1501 1465 1588 1554 ,tjut
1609 1446 1679 1540 vi·

625 1577 684 1663 tia
708 1576 753 1662 in
773 1578 935 1678 corde,
965 1599 1009 1661 ct
1028 1603 1158 1690 opere
1179 1574 1421 1689 pullulantia
1440 1576 1678 1666 doccantur

622 1693 939 1810 praecidenda,
970 1722 1022 1779 ne
1060 1697 1109 1780 ad
1135 1695 1422 1792 audiendum,
1452 1715 1493 1778 et
1522 1690 1678 1783 intelli·

624 1815 804 1930 gendum
822 1808 906 1899 Dei
924 1815 1101 1920 verbum
1120 1840 1237 1900 mens
1254 1809 1562 1928 praepediatur,
1593 1834 1677 1922 pto

627 1960 713 2044 quo
744 1955 912 2020 servato
946 1931 1190 2017 reddetur
1178 1960 1222 2017 tn
1258 1930 1435 2018 excelsis
1467 1956 1675 2019 corona
1694 2005 1699 2013 .

625 2053 901 2185 Tonsutoe(t
907 2054 1074 2167 )autem
1094 2049 1397 2137 Ecclesiasticus
1416 2077 1511 2136 usus
1545 2079 1567 2134 a
1589 2043 1679 2136 Na·
1693 2112 1696 2117 >

625 2169 771 2256 zataeis
808 2191 978 2256 exortus
1000 2168 1168 2253 videtur
1189 2227 1203 2268 ,
1233 2168 1303 2302 qui
1323 2167 1437 2280 prius
1456 2166 1571 2254 crine
1591 2192 1682 2251 ser.-

624 2309 758 2385 vato,
788 2286 971 2429 denique
988 2291 1044 2371 ob
1066 2284 1166 2371 vitae
1188 2284 1526 2393 continentiam,
1549 2304 1677 2397 capnt

624 2407 857 2502 radebant,
888 2403 1154 2517 &capillos
1144 2431 1188 2488 tu
1214 2404 1309 2521 igne
1330 2402 1522 2490 sacrificii
1542 2429 1677 2535 pone·

624 2525 762 2614 bant
807 2523 917 2613 Hinc
946 2550 1042 2610 usus
1069 2521 1290 2624 inolevit,
1321 2545 1367 2608 ut
1397 2521 1470 2657 qui
1496 2518 1672 2609 Divinis

915 2687 917 2690 ·
1586 2639 1691 2735 cul·

639 2866 914 2985 (1)S3lsidocus
939 2870 978 2938 de
1004 2868 1120 2944 Eccle-
1168 2831 1675 2965 „crineptaecisoinnoventur·
1733 2857 1736 2869 ¹

616 2969 757 3059 :iustitis
776 2966 894 3059 oficiis
910 2964 970 3037 lib.
985 2966 1030 3038 11.
1048 2992 1078 3039 c
1069 2995 1116 3067 4
1168 3019 1193 3057 „
1209 2970 1288 3041 Hoc
1315 2969 1442 3062 quippe
1459 2986 1493 3039 et
1506 2962 1690 3057 Ezechieli,

614 3092 693 3173 pag.
684 3071 779 3154 ,596.
795 3065 996 3154 itascribita
1009 3066 1122 3147 „Ton.·
1174 3089 1296 3166 „ptop
1276 3067 1558 3159 p'hetaejubctur,
1568 3064 1680 3135 dicen·

614 3216 641 3251 ‚,
657 3186 743 3235 surae
769 3183 880 3238 autem
912 3114 1121 3236 Ecclesiasti·
1170 3212 1195 3250 „
1209 3165 1433 3255 thominoa
1454 3159 1524 3232 Fili
1535 3161 1679 3232 hominis

611 3283 703 3349 „cac
720 3286 799 3336 usus
832 3261 1037 3335 aNazaraeis
1054 3308 1065 3343 ,
1084 3262 1116 3333 ni
1171 3309 1216 3347 „
1215 3283 1322 3331 sume
1340 3244 1405 3331 itit
1429 3258 1581 3355 gladium
1595 3279 1679 3329 acu·

613 3411 640 3446 „
653 3357 777 3444 fallor,
804 3379 941 3432 exortus
968 3376 1040 3440 est,
1059 3358 1118 3453 qui
1168 3407 1193 3443 „
1209 3374 1306 3440 tum,
1333 3375 1368 3428 et
1381 3360 1444 3428 duc
1461 3372 1560 3453 super
1579 3368 1678 3452 captat

612 3509 639 3544 ,‚
655 3456 748 3549 prius
773 3480 865 3529 crine
877 3476 1035 3537 servato
1062 3458 1180 3538 dc-,
1182 3471 1307 3538 ,tuum
1332 3501 1347 3536 ,
1369 3470 1403 3526 es
1418 3450 1568 3534 beriam,
1582 3454 1679 3526 vide·

610 3604 638 3644 „
653 3574 723 3623 nuo
736 3553 899 3662 postvitae
908 3574 1118 3664 magnaecon
1167 3553 1323 3637 „licct,
1339 3552 1419 3647 quia
1431 3572 1465 3624 et
1482 3553 1552 3644 ip'sc
1567 3551 1679 3622 Sacer

608 3648 1115 3736 „tincntiatndevotinnecont·
1165 3649 1318 3732 „dotali
1336 3671 1460 3744 genere
1471 3645 1579 3719 Deo
1561 3668 1602 3716 tn
1617 3643 1677 3718 mi·

610 3742 769 3839 „plcta,
799 3760 904 3832 caput
927 3744 1113 3826 radebant,
1166 3794 1188 3829 ,‚
1178 3745 1387 3827 ‚nisterium
1400 3741 1675 3816 sanctificationis

611 3862 686 3931 „et
711 3839 891 3934 capillos
882 3864 915 3912 tn
933 3841 1043 3935 ignem
1059 3865 1112 3912 sa·
1165 3892 1190 3928 ‚‚
1205 3844 1432 3916 deserviebat.
1446 3841 1526 3915 Hoc
1557 3854 1592 3909 et
1602 3839 1675 3913 Na

609 3991 637 4027 „
657 3939 775 4010 ctificii
803 3959 927 4032 ponere
951 3939 1115 4019 iubeban-
1164 3989 1189 4027 „
1205 3963 1328 4013 aacaeus
1357 3938 1435 4012 iilos
1453 3922 1675 4018 Priscillam,

609 4033 1118 4127 „tur,scilicetmtpetfectiu·
1165 4087 1190 4122 „
1206 4055 1239 4109 et
1265 4036 1477 4131 Aquilam
1467 4061 1501 4108 tu
1529 4032 1675 4107 Actibus

608 4185 638 4223 „
633 4156 727 4204 uem
742 4131 933 4204 devotionis
959 4156 1026 4204 snat
1041 4136 1119 4205 Du·
1163 4186 1191 4220 „
1209 4129 1460 4228 Apostolomm
1478 4128 1674 4227 ptimosfe·

610 4284 638 4319 „
648 4254 744 4308 mmo
757 4248 1000 4303 consecrarent
1004 4230 1118 4313 Huius
1166 4232 1294 4319 „cisse
1321 4231 1465 4327 legimus
1492 4279 1504 4313 ,
1530 4228 1675 4302 ‘Petrum

611 4380 638 4416 „
656 4349 740 4421 ergo
769 4326 916 4420 exempli
959 4350 1038 4400 usus
1075 4329 1117 4400 ab
1166 4353 1346 4425 „qunque
1370 4326 1607 4422 Apostolum,
1639 4340 1676 4401 ec

612 4425 1117 4517 „Apostolisintroductusest,
1165 4479 1192 4515 „
1211 4429 1374 4522 quosdam
1409 4422 1674 4516 Discipulucum

609 4569 638 4611 „
651 4522 761 4615 utqui
785 4521 819 4594 in
833 4523 955 4594 divinis
969 4523 1118 4596 cultibus
1165 4575 1192 4611 „
1207 4524 1363 4608 Christi,
1381 4522 1441 4618 qui
1456 4522 1490 4594 in
1504 4522 1676 4603 huiusmo-

610 4619 865 4711 „mancipati
862 4621 1016 4694 Domino
1040 4645 1120 4696 con·
1167 4674 1192 4710 „
1211 4624 1248 4697 di
1261 4623 1359 4695 cultu
1379 4616 1532 4698 imitandi
1547 4613 1674 4700 extitca

611 4736 859 4804 „·aectantur,
873 4718 979 4812 quasi
1002 4719 1144 4795 Nazar
1167 4737 1307 4808 „runt.
1295 4759 1348 4807 .„

608 4863 638 4912 „
653 4817 733 4898 raei,
763 4815 851 4889 idest
863 4834 1000 4901 ,sancta
1023 4815 1116 4899 Dsi,
