4284 6125
796 1406 810 1419 -·
869 1381 1306 1449 ertenrcnvro.⁸
1516 1392 1604 1484 erg

547 1480 731 1573 lucendo
761 1478 981 1567 obscurior
1015 1477 1070 1566 sit
1103 1479 1317 1569 Ecclesia.
1352 1475 1435 1566 Sed
1467 1487 1613 1571 omnia

549 1632 641 1694 turn
661 1595 918 1687 discretione
936 1623 1135 1717 agantur,
1152 1627 1248 1713 quse
1269 1599 1457 1689 noscitur
1477 1598 1609 1689 mater

546 1724 738 1812 omnium
756 1715 962 1805 virtutum
979 1747 1068 1806 esse
1087 1780 1099 1803 .
1121 1718 1264 1804 Debet
1291 1716 1414 1805 etiam
1441 1749 1517 1835 per
1533 1720 1612 1805 stn-

548 1843 666 1961 gulas.
695 1840 817 1925 horas
851 1834 1076 1928 canonicas
1107 1834 1273 1954 signum
1316 1867 1366 1923 ex
1400 1848 1611 1926 consen'su

548 1955 852 2048 Archidiaconl
871 2017 887 2057 ,
908 1984 1089 2061 sonare3
1120 1979 1167 2041 ut
1188 1960 1336 2044 omnes
1355 1957 1611 2060 oblationes,

549 2107 624 2167 seu
645 2077 964 2189 eleemosynas,
986 2105 1059 2163 seu
1080 2073 1262 2163 decimas
1288 2072 1490 2183 ejusdem·
1508 2106 1610 2164 con·

547 2226 670 2284 sensu
692 2256 708 2297 ,
735 2196 909 2281 absente
929 2192 1181 2311 Episcopo,
1213 2195 1403 2282 fidelibus
1419 2193 1605 2281 dividat.

541 2320 593 2403 In
629 2315 692 2401 his
725 2313 857 2401 tribus
888 2313 1089 2401 Ecclesiae
1120 2312 1326 2401 columnis
1351 2374 1365 2414 ,
1391 2337 1438 2399 ut
1467 2340 1611 2402 sancta

544 2432 685 2521 sanxit
703 2427 895 2544 Synodus
914 2492 929 2532 ,
954 2430 1188 2520 consistere
1212 2432 1315 2519 alrna
1333 2454 1462 2519 mater
1480 2435 1608 2521 debet

543 2549 765 2651 Ecclesia,
797 2574 844 2639 ut
864 2551 913 2638 ad
935 2552 1016 2638 hoc
1053 2579 1160 2666 opus
1186 2553 1285 2638 tales
1321 2550 1606 2652 ordinentur,

546 2673 687 2785 quales
715 2671 807 2786 plus
834 2668 1065 2768 meliores,
1093 2668 1389 2758 &sanctiores
1423 2699 1512 2757 esse
1546 2670 1609 2756 vi·

543 2788 684 2879 derint
705 2822 718 2893 ;
736 2790 910 2877 utnulla
929 2786 1181 2907 negligentia
1199 2787 1245 2876 in
1274 2812 1412 2878 sancta
1427 2789 1508 2875 Dei
1528 2791 1609 2885 Ec·

541 2908 663 2997 clesia
681 2938 772 2997 esse
789 2909 981 3009 videatur
1000 2972 1010 2993 .
1034 2906 1090 2999 Ηί
1108 2927 1193 2994 tres
1212 2968 1226 3009 ,
1251 2908 1608 3010 Archidiaconus,

538 3026 900 3143 Archipresbvter
917 3089 932 3129 ,
950 3027 1112 3115 Custos
1138 3028 1325 3142 providi,
1339 3027 1451 3113 fiotul
1471 3026 1606 3135 juncti

540 3176 630 3232 uno
649 3146 789 3233 animo
808 3146 1000 3234 similiter
1032 3171 1263 3262 peragant,
1294 3146 1440 3235 dtnon
1460 3147 1515 3232 sit
1541 3146 1610 3233 in·

542 3266 952 3389 vidia,nequezelus
977 3266 1092 3353 inter
1119 3266 1245 3354 illos.

933 3499 971 3590 C
989 3503 1026 3591 X
1042 3508 1085 3593 V
1101 3505 1119 3588 Ι
1137 3503 1204 3589 11.

670 3708 730 3770 ns
759 3687 1101 3785 orenrevsnsr,
1130 3712 1188 3770 ev
1217 3707 1468 3773 nvnrrsvs.

628 3858 718 3949 Sex
736 3860 847 3950 enim
865 3861 1014 3953 diebus
1047 3861 1355 3953 consummavit
1377 3859 1497 3952 Deus
1517 3893 1608 3954 orn·

539 3973 611 4066 nia
641 4009 769 4098 opera
798 4013 901 4084 sua,
932 3981 1116 4100 septimo
1144 3985 1212 4069 die
1242 3979 1486 4094 requievit.
1522 3987 1607 4076 Sex

535 4099 736 4189 estatibus
770 4102 994 4189 humanum
1029 4131 1161 4219 genus
1186 4101 1230 4186 in
1255 4103 1334 4186 hoc
1354 4102 1497 4186 seculo
1528 4134 1606 4220 per

533 4218 829 4308 successiones
861 4248 1099 4338 temporum
1134 4219 1218 4307 Dei
1241 4248 1373 4335 opera
1396 4213 1609 4325 infinuat,

536 4361 710 4444 quarurn
740 4337 873 4453 prima
885 4364 947 4427 est
966 4340 1163 4427 abAdam
1183 4368 1316 4451 usque
1330 4341 1376 4422 ad
1390 4335 1608 4435 Noe,con·

536 4448 680 4544 tineos
695 4486 831 4546 annos
849 4487 1079 4547 sexcentos
1096 4458 1402 4575 quinquaginta
1423 4460 1528 4572 sex(
1557 4458 1604 4572 ).
1624 4477 1627 4484 ’

562 4659 617 4746 (ι)
637 4657 693 4730 Sic
707 4665 931 4736 Amanuensis
957 4667 1045 4738 osci·
1094 4683 1129 4737 ta
1147 4686 1231 4736 sex.
1267 4665 1316 4735 Er
1331 4661 1480 4732 Periodo
1493 4676 1610 4730 autem

537 4751 669 4826 tantia.
688 4758 766 4832 Alia
783 4784 867 4833 vero
882 4786 981 4834 mauu
1010 4762 1044 4833 in
1093 4764 1227 4849 juliana
1241 4777 1352 4831 essent
1368 4759 1444 4828 anni
1455 4775 1612 4828 uocrvr.

534 4851 694 4942 margine
721 4857 864 4930 Codicis
889 4861 1048 4932 emenda·
1097 4885 1175 4932 cum
1215 4856 1387 4931 mentibus
1418 4851 1491 4931 fere
1521 4852 1614 4932 duee

541 4964 603 5020 tur
627 4951 832 5046 ilungaros
855 4955 1047 5056 septuagint-
1095 4960 1206 5058 bus,
