4284 6125
620 1367 709 1455 240
856 1366 1126 1430 otvtmotttmt
1151 1363 1436 1427 oertctottuut

619 1492 711 1550 cem
738 1460 867 1548 verba
887 1450 988 1579 legit
1011 1463 1054 1548 in
1077 1459 1238 1575 Spiritu
1260 1460 1416 1546 Sancto
1451 1454 1696 1573 complevus

605 1581 676 1666 rit
696 1641 709 1679 ,
742 1578 786 1665 in
806 1581 1275 1677 domumsanctorum,
1304 1582 1403 1689 Jeau
1422 1582 1563 1679 duce,
1594 1604 1698 1695 pro-¹

619 1698 821 1788 culdubio
845 1702 990 1788 veniet
1009 1705 1056 1788 ad
1075 1702 1313 1786 libertatem
1333 1760 1343 1780 .
1367 1702 1455 1809 Jam
1476 1726 1617 1815 autem
1633 1728 1697 1787 ae·

620 1819 711 1906 curi
731 1821 782 1907 de
804 1824 959 1909 ducatu
983 1820 1172 1919 chriti,
1194 1820 1265 1933 qui
1295 1820 1412 1932 ptius
1429 1820 1694 1909 dixeramut=

620 1939 978 2029 Circumdederunt
995 1972 1059 2029 me
1093 1973 1106 2044 ;
1139 1939 1180 2027 dt
1209 1939 1450 2025 dubitantes
1479 1938 1605 2025 etiam
1631 1938 1695 2025 di·

620 2086 816 2146 xeramus
841 2064 1042 2177 :Exurge
1072 2090 1233 2178 prrore3
1274 2058 1411 2146 secuti
1444 2057 1693 2173 ,·inquam,

617 2176 662 2265 δι
706 2178 813 2291 quast
857 2180 1047 2266 manibus
1083 2182 1298 2265 'tenentes
1351 2176 1491 2292 ipsum
1527 2236 1542 2276 ,
1584 2177 1693 2265 dici·

616 2325 742 2382 mus:
776 2300 875 2386 Esto
910 2302 982 2418 (ι)
1012 2299 1109 2384 milti
1146 2300 1187 2383 iu
1224 2298 1355 2411 Deum
1387 2318 1687 2414 protectorem.

617 2413 701 2502 Sed
731 2417 828 2531 quia
859 2448 947 2504 uon
981 2448 1068 2505 uno
1099 2422 1263 2518 modo,
1302 2417 1373 2506 sed
1406 2418 1593 2531 piuribut
1624 2440 1691 2503 est

616 2538 891 2638 exorandus,
924 2540 992 2624 has
1028 2567 1176 2652 preces
1211 2534 1404 2650 quotidie
1441 2536 1688 2650 multiplica·

614 2682 706 2741 mus
746 2656 979 2754 ,dicentes
1014 2656 1058 2743 iu
1078 2658 1272 2745 Collecta
1305 2688 1317 2742 t
1358 2657 1498 2741 Preces
1525 2676 1688 2767 nostrus

614 2803 850 2889 quaesumus
873 2778 1047 2863 Domine
1068 2782 1282 2866 clementer
1297 2774 1449 2863 exaudi
1469 2804 1483 2875 ;
1513 2796 1640 2889 utque
1660 2806 1686 2860 o

607 2916 866 3006 peccatorum
896 2896 1066 2985 vinculis
1089 2900 1298 2984 absolutor
1325 2894 1377 2979 ub
1402 2893 1511 2980 omui
1524 2898 1689 2979 norad-

611 3019 805 3102 versitate
818 3017 1000 3109 cuttodi:
1021 3017 1134 3136 Quia
1154 3047 1259 3103 vero
1274 3015 1358 3101 stne
1374 3012 1575 3102 charitato
1595 3042 1685 3098 non

593 3242 595 3245 Ι
613 3155 678 3215 est
700 3135 888 3248 perfecta
904 3137 1119 3225 exauditio
1139 3198 1153 3236 ,
1172 3137 1285 3224 illico
1304 3137 1470 3221 Ductor
1484 3133 1684 3220 Ecclesiae

610 3253 759 3341 Paulus
807 3261 1000 3344 hortatur
1034 3261 1084 3345 ad
1120 3256 1288 3372 ipsam,
1324 3256 1468 3341 dicens
1502 3255 1606 3371 (2):
1637 3254 1682 3337 Si

610 3371 764 3488 linguis
779 3379 985 3466 homiuum
1002 3380 1152 3496 loquor
1171 3437 1184 3475 ,
1204 3381 1249 3472 dy
1265 3377 1516 3492 Angelorum
1535 3435 1546 3456 .
1582 3376 1680 3458 Post

610 3489 702 3574 haec
730 3519 866 3582 autem
886 3559 899 3596 ,
919 3525 963 3584 ut
985 3498 1148 3585 facilius
1171 3499 1446 3612 impetremus
1468 3495 1582 3608 quod
1606 3521 1680 3578 vo·

610 3603 780 3709 lomus,
819 3614 956 3731 ipsum
994 3615 1286 3703 exauditorem
1319 3615 1506 3700 nostrum
1533 3610 1682 3699 colitu-

611 3723 794 3830 dantes.‚
826 3736 970 3837 clara,
1000 3735 1043 3824 ἃ
1070 3740 1149 3824 alta
1184 3766 1291 3823 voce
1317 3733 1525 3821 dicimus:
1560 3733 1622 3814 Tu
1637 3759 1683 3814 es

608 3844 754 3933 Deus.
789 3855 857 3939 Ad
887 3857 1003 3964 cujus
1035 3858 1196 3942 laudem
1232 3855 1274 3943 ἃ
1312 3852 1414 3940 alios
1454 3855 1688 3938 exhortau-

609 3982 670 4044 tes
687 3968 760 4084 (3)
779 4033 792 4070 ,
812 3976 1022 4061 continuo
1042 3975 1221 4062 dicimus
1244 3978 1288 4060 iu
1305 3976 1463 4059 'fractu
1486 4002 1497 4056 t
1525 3966 1684 4062 lutila-

609 4098 649 4211 tt}
664 4084 737 4205 (4)
754 4093 840 4178 Deo
864 4096 993 4181 omnis
1026 4117 1169 4196 terro,
1202 4123 1363 4183 causam
1397 4088 1522 4177 laudis
1549 4084 1682 4196 subji-

609 4223 772 4338 fientes
794 4213 881 4322 Ipse
896 4215 969 4331 (5)
979 4214 1084 4326 fecit
1097 4247 1201 4302 nos.
1236 4216 1298 4300 Ut
1317 4237 1455 4297 autem
1473 4205 1608 4291 securi
1627 4208 1680 4292 de

607 4328 906 4429 impetratione
925 4338 1176 4434 reddamur,
1207 4364 1304 4421 mox
1330 4336 1381 4416 de
1414 4325 1683 4424 humilitate,

607 4429 651 4517 ἃ
671 4437 1127 4566 m¹⁸015001d522quam
1149 4455 1197 4540 ad
1220 4481 1351 4572 genus
1367 4452 1594 4542 humanum
1614 4445 1684 4530 ha·

1150 4583 1157 4598 “
1581 4569 1682 4666 bue·

631 4737 686 4819 (1)
706 4731 755 4801 Ex
769 4731 939 4806 psal-xxx.
954 4761 1024 4816 ver.
1031 4770 1063 4837 3.
1186 4757 1239 4849 (4)
1255 4753 1304 4824 Ex
1321 4697 1521 4821 veiireu.
1538 4767 1658 4822 ver-t.

631 4835 691 4916 (2)
712 4851 742 4896 1.
759 4828 901 4899 Cotint.
918 4839 1000 4906 xttl.
1018 4867 1051 4913 t.
1195 4858 1249 4943 (5)
1267 4849 1354 4924 lbid·
1374 4865 1485 4944 vem,
1508 4939 1511 4944 Ι
1590 4871 1597 4882 .

627 4931 648 5013 ί
650 4931 688 5014 3)
707 4924 799 4997 Cod.
823 4947 1019 5006 exorantes.
1480 4997 1484 5002 ,
