4284 6125
770 1128 1256 1220 stuatosum.
1477 1137 1561 1224 stt

492 1229 618 1347 lelujn
642 1260 657 1330 ;
689 1247 735 1315 ut
751 1223 785 1313 si
802 1224 1031 1337 jejunamus
1051 1282 1065 1324 ,
1083 1223 1304 1320 dolemus,
1325 1241 1367 1308 et
1386 1223 1570 1342 lugemus

494 1380 577 1466 pro
598 1347 735 1465 gaudii
755 1343 951 1461 promissi
970 1343 1175 1430 dilatione
1196 1339 1404 1450 ;.jubilum
1431 1369 1572 1432 tamen

492 1470 651 1585 agimus
675 1467 719 1553 in
742 1487 914 1561 mente,
946 1462 1044 1575 quia
1075 1462 1176 1547 illud
1210 1461 1403 1577 gaudium
1428 1467 1577 1576 certisf

494 1591 600 1676 sime
618 1585 871 1702 promissum
909 1583 1090 1667 dandum
1126 1608 1213 1664 uon
1236 1579 1504 1670 dubitamus.

805 1812 1217 1906 ‘clxxxlu

535 2030 644 2114 outo
674 2024 849 2086 osseus
887 2025 991 2086 uuor
1022 2028 1078 2084 ΑΒ
1110 2020 1282 2081 ocnnva
1316 2021 1556 2119 trinsecu-¹

615 2147 714 2207 srss
746 2146 881 2224 usone
920 2149 978 2205 sn
1010 2145 1237 2203 strennus
1266 2142 1461 2201 Aucnsrr

622 2299 692 2386 Ab
722 2321 871 2385 octaua
891 2304 1166 2385 Pentecostes
1201 2295 1405 2404 usquead
1432 2295 1578 2382 Kelen-

505 2420 577 2506 das
607 2417 787 2535 Augusti
809 2416 958 2531 legitur
991 2418 1095 2501 liber
1114 2417 1312 2524 Regum,
1345 2411 1441 2524 quia
1468 2415 1577 2503 sicut

500 2538 698 2637 Samuel,
728 2536 869 2623 David
895 2597 908 2637 ,
938 2535 1083 2634 Elias,
1116 2560 1159 2618 et
1177 2530 1270 2617 Heli
1290 2533 1364 2648 (1)
1383 2560 1460 2647 pro
1485 2537 1574 2651 lege

498 2656 679 2743 Domini
716 2676 1050 2772 pugnaverunt3
1085 2651 1144 2740 sic
1176 2675 1219 2736 et
1253 2678 1330 2738 nos
1353 2677 1575 2767 postquam

500 2775 760 2889 suscepimus
789 2778 946 2859 donum
968 2771 1151 2886 Spiritus
1169 2770 1311 2857 Sancti
1343 2770 1390 2857 in
1417 2771 1575 2888 Baptis-

500 2922 571 2975 mo
594 2951 608 2991 ,
640 2916 682 2976 et
702 2891 862 2978 virtute
885 2887 1226 2996 formati,armati
1245 2919 1429 3004 pugnate
1449 2895 1575 2977 debe-

500 3040 592 3097 mus
613 3032 763 3096 contra
779 3010 914 3111 uitia,
947 3033 990 3096 et
1012 3034 1211 3124 peccata.
1246 3009 1370 3093 Unde
1388 3008 1576 3123 Aposto-

500 3131 564 3213 lus
583 3128 638 3213 ait
656 3130 729 3246 (2)
758 3160 777 3212 s.
802 3130 898 3215 Non
917 3153 979 3217 est
1001 3130 1115 3216 nobis
1130 3128 1362 3219 colluctatio
1379 3133 1578 3215 aduersus

494 3278 688 3347 carnem,
720 3270 761 3334 et
777 3249 1015 3368 sanguinent
1037 3280 1049 3352 3
1083 3254 1155 3335 sed
1168 3246 1574 3363 adversusprincipu·

494 3388 599 3469 tus,
630 3389 670 3453 et
679 3388 937 3482 potestates,
965 3376 1161 3456 adversus
1187 3386 1360 3455 rectores
1392 3371 1573 3455 tenebra·

494 3518 583 3573 runt
615 3490 789 3573 tarum.
1373 3525 1380 3538 ⁸

864 3601 1196 3692 CLXXXV.

550 3809 610 3868 DE
642 3808 788 3881 LEGE,
816 3810 945 3892 QUAM
974 3808 1116 3870 DEDIT
1144 3805 1349 3871 posumus
1380 3807 1512 3873 ntosst

608 3960 700 4045 Lex
719 3991 793 4073 per
812 3964 998 4073 Moysen
1019 3966 1114 4049 data
1132 3982 1193 4045 est
1216 3989 1229 4063 ;
1262 3961 1391 4082 gratia
1406 4024 1420 4064 ,
1438 3986 1481 4048 et
1501 3993 1573 4051 ue·

492 4074 594 4163 ritas
626 4109 699 4191 per
721 4082 861 4188 Jesum
888 4081 1113 4167 Christum
1147 4078 1254 4166 lacta
1289 4108 1386 4169 est.
1419 4083 1575 4170 Domi·

493 4225 571 4279 nus
601 4197 757 4281 etenim
796 4230 870 4312 per
886 4201 1074 4312 Moysen
1108 4226 1277 4286 servum
1300 4232 1419 4289 suum
1440 4204 1587 4317 legem:

492 4312 625 4400 servis
650 4316 734 4403 suis
757 4318 873 4405 dedit
896 4352 910 4423 ;
943 4349 1040 4433 quse
1073 4344 1221 4407 omnes
1239 4320 1410 4436 quidem
1425 4350 1588 4438 pecca·-

519 4500 572 4581 (r)
588 4494 744 4565 Fortasse
757 4495 915 4568 Elimas.
1052 4504 1196 4579 testarer,
1212 4502 1370 4575 adversus
1391 4502 1502 4574 munds
1519 4477 1587 4588 ref¹

517 4599 571 4681 (ι)
591 4592 716 4682 Ephes.
745 4614 796 4663 vr.
824 4616 880 4664 12.
898 4595 1002 4691 Vulg.
1052 4615 1157 4675 stores
1171 4612 1233 4669 etr.
1561 4581 1571 4606 r

490 4693 672 4763 adversus
681 4690 877 4786 principes..
897 4710 930 4767 et
939 4707 1004 4793 pu·
