4284 6125
781 1358 1295 1485 'exntrcntrog
1328 1394 1347 1407 ’·
1490 1390 1575 1484 541

517 1512 700 1581 stratum
719 1489 799 1609 piis
816 1488 1211 1582 interventionibus
1231 1492 1282 1577 ab
1309 1485 1371 1578 ira
1403 1485 1591 1603 iudican-

517 1612 754 1733 tistegite.
1243 1696 1246 1706 .

778 1802 783 1810 .
918 1727 956 1813 C
978 1726 1015 1814 C
1036 1726 1074 1814 C
1095 1727 1184 1815 Vl.
1322 1784 1327 1792 ·

793 1935 870 1994 DE
902 1930 1304 1993 VIRGINIBUS

595 2086 710 2174 Vera
741 2081 854 2170 enim
884 2082 1106 2203 virginitas
1126 2081 1169 2169 in
1190 2080 1452 2200 Angelorum
1470 2113 1585 2169 mun·

519 2204 668 2292 ditium
694 2203 879 2290 ascendit
900 2232 978 2318 pto
1014 2205 1195 2289 humano
1225 2203 1427 2298 modulo,
1458 2227 1503 2287 nt
1535 2205 1584 2288 ad

520 2349 687 2410 montes
707 2380 723 2423 ,
753 2349 795 2407 et
812 2321 937 2411 colles
957 2321 1184 2438 perveniat
1203 2383 1216 2418 ‚
1232 2321 1345 2429 iuxta
1363 2318 1589 2407 Canticum

521 2441 800 2530 Canticorum
821 2501 836 2542 ,
854 2439 899 2526 in
918 2470 1003 2555 quo
1032 2469 1212 2556 sponsus
1244 2437 1346 2527 dicit
1364 2439 1438 2555 (1)
1457 2469 1470 2524 s
1506 2442 1591 2530 Va·

519 2566 615 2648 darn
642 2565 699 2647 nd
718 2583 890 2649 montem
920 2566 1124 2676 myrrhae,
1147 2563 1256 2647 etad
1277 2560 1417 2646 collem
1435 2558 1589 2659 thurin

521 2679 604 2766 hoc
630 2682 759 2778 estad
780 2679 1048 2795 purrissimos
1077 2677 1287 2794 virginum
1313 2704 1490 2794 greges.
1522 2676 1592 2762 Ad

522 2796 598 2884 ltos
618 2823 780 2883 montes
797 2800 923 2896 Loth,
939 2827 1022 2885 non
1041 2795 1245 2896 ascendit,
1259 2799 1425 2909 quando
1443 2801 1495 2884 de
1514 2795 1593 2881 Sd

521 2919 646 3002 doma
673 2918 845 3001 ardente
881 2915 1095 3015 surrexit,
1125 2918 1196 3001 sed
1217 2915 1432 3002 descendit
1452 2917 1497 3002 in
1518 2914 1594 3000 Se·

522 3064 600 3153 gor
621 3036 727 3152 (2),
760 3034 856 3149 qnia
881 3032 954 3150 qui
979 3032 1174 3123 incendia
1199 3033 1346 3125 illicita
1374 3036 1508 3122 carnis
1535 3034 1555 3119 f
1580 3084 1595 3105 ·

523 3155 643 3271 giunt
680 3213 695 3251 ‚
726 3154 988 3240 altitudinem
1019 3154 1238 3243 munditiae
1271 3215 1286 3255 ‚
1319 3180 1364 3241 et
1390 3153 1593 3245 castitatis

524 3275 749 3359 ascendere
768 3302 854 3359 non
872 3276 1011 3359 valent
1031 3334 1044 3372 ‚
1064 3277 1115 3359 ad
1134 3274 1392 3386 myxtionem
1412 3270 1589 3389 legitimi

525 3389 712 3507 conjugii
731 3393 1020 3480 descendunt.
1057 3394 1105 3477 ln
1133 3420 1278 3481 monte
1298 3388 1455 3504 quippe
1472 3414 1598 3488 stare,

524 3512 598 3594 vel
613 3513 868 3643 ascendere,
899 3535 960 3599 est
979 3510 1270 3599 celsitudinem
1305 3508 1595 3628 virginitatis,

527 3655 570 3716 et
597 3652 878 3718 continentiae
905 3628 1152 3745 suscipere.

879 3885 881 3888 ,
912 3808 947 3896 C
970 3808 1008 3895 C
1029 3807 1206 3897 CVII.

648 3953 709 4013 oe
739 3951 893 4033 omaus
927 3954 1105 4015 sancus
1137 3952 1274 4015 stunt
1303 3950 1469 4013 sotem·

944 4072 1188 4136 NI'IATATES

607 4220 813 4311 Omnium
830 4220 999 4311 illorum
1023 4227 1276 4315 Sanctorum
1296 4280 1310 4323 ‚
1340 4221 1412 4338 qui
1429 4220 1599 4312 inerunt

529 4341 580 4425 ab
601 4342 711 4427 Abel
730 4370 859 4453 nsque
878 4346 927 4429 ad
946 4344 1107 4432 Christi
1134 4346 1599 4441 resurrectionem,non

531 4459 687 4544 debent
705 4462 794 4545 fieri
815 4463 1131 4561 solemnitates,
1164 4464 1261 4578 quia
1291 4460 1374 4577 ipsi
1413 4458 1528 4573 quasi
1549 4459 1601 4542 la·

530 4574 653 4690 pides
670 4578 714 4665 in
733 4580 1003 4667 fundamento
1020 4581 1220 4669 Ecclesiae
1237 4582 1365 4666 latent
1384 4642 1393 4661 .
1427 4579 1596 4689 Illorum

529 4720 639 4804 ueto
659 4754 674 4795 ,
705 4698 776 4812 qui
794 4730 815 4784 a
833 4700 1143 4790 resurrectione
1173 4726 1304 4813 usque
1329 4692 1600 4809 adjudicium

527 4974 532 4983 ·
582 4950 880 5042 (1)Cant.1v.6.
922 5064 925 5073 Ι
1041 4959 1432 5051 '(2)Genes.xtx.23.

910 5186 920 5226 l
