4284 6125
795 1368 1303 1442 woroutcn'rto:

536 1473 872 1590 inmorentur,
902 1470 1115 1589 significat
1137 1530 1151 1569 ,
1173 1502 1250 1557 nos
1266 1470 1397 1557 deber

536 1599 612 1683 hus
628 1596 831 1706 tempium
847 1590 1256 1690 Domini,vitiorum
1276 1589 1397 1706 impet

533 1743 651 1806 ctum
670 1712 745 1830 (r)
766 1711 890 1798 bonis
912 1711 1115 1828 operibus
1136 1733 1365 1797 restaurare
1387 1771 1397 1812 ,

534 1834 688 1922 diebus
708 1832 906 1946 templum
933 1860 955 1917 a
983 1828 1245 1944 Babpionaeis
1266 1833 1397 1916 destrt

538 1954 699 2069 populo
716 1951 801 2035 Dei
821 1953 912 2037 esse
930 1971 1203 2037 restauratum
1222 1949 1397 2061 perhibe

536 2069 728 2189 draginta
744 2099 818 2155 sex
834 2066 959 2158 annis
988 2087 1264 2155 restauratum
1286 2091 1348 2154 est
1382 2092 1397 2154 t

538 2191 616 2274 Per
637 2187 911 2301 Babylonaeos
943 2211 1080 2275 autem
1101 2185 1203 2273 vitia
1220 2187 1397 2304 exprimr

538 2313 745 2422 populum
772 2307 854 2395 Dei
891 2308 1071 2428 yirtutes
1108 2364 1123 2409 ,
1168 2334 1264 2421 quae
1300 2337 1375 2398 nos

534 2427 625 2515 Dei
643 2422 830 2516 faciunt.

916 2547 1231 2640 CXXXVL

911 2753 1252 2821 nnnoonm

653 2905 1023 3028 Quadragesimam
1041 2905 1140 2995 ideo
1159 2909 1397 2998 celebramur

538 3027 695 3145 gibus,
726 3024 770 3114 dt
805 3027 1061 3144 Prophetis,
1093 3049 1138 3114 et
1165 3027 1397 3115 Dominoi

537 3149 844 3262 Prophetarum
883 3174 1087 3267 congruat
1121 3145 1397 3236 Ecclesiastict

541 3266 637 3352 tio.
670 3266 779 3351 Nam
805 3267 989 3379 Moyses
1029 3266 1296 3383 Legislator,
1327 3264 1370 3353 ἃ

539 3382 650 3471 mius
668 3386 1005 3499 Prophetarum,
1037 3385 1233 3473 Christus
1266 3384 1387 3503 Legis

540 3502 761 3617 phetarum
781 3503 993 3591 Dominus
1011 3506 1090 3594 hoc
1110 3535 1285 3592 numero
1302 3503 1397 3617 jejur

538 3624 727 3708 duntur.
762 3621 983 3741 Significat
1021 3652 1158 3713 autem
1192 3644 1387 3711 numerus

538 3738 701 3830 riosum
721 3764 871 3831 statum
892 3745 993 3833 uitae
1029 3744 1281 3860 praesentis,
1313 3744 1356 3830 in
1387 3775 1397 3827 r

537 3888 616 3978 per
641 3880 821 3972 quatuor
844 3890 983 3982 partes
998 3866 1116 3952 orbis
1135 3867 1336 3982 degentes
1353 3863 1396 3950 in

538 3982 653 4095 quod
674 4005 841 4069 constat
869 4014 919 4070 ex
937 3989 1119 4099 quatuor
1137 3982 1354 4070 dementis
1377 4043 1390 4080 ,

538 4122 635 4187 tuor
655 4122 846 4213 tempora
872 4104 974 4190 anni
997 4105 1149 4189 habere
1168 4106 1397 4189 debemus<

534 4216 635 4303 tiam
654 4217 809 4337 Legis,
838 4221 881 4308 ἃ
902 4222 1224 4339 Evangeliorum
1247 4257 1258 4309 ε
1294 4220 1362 4307 hic

536 4364 677 4422 merus
698 4364 864 4427 constat
884 4370 940 4427 ex
956 4340 1131 4431 denario
1152 4367 1299 4455 quater
1320 4343 1397 4425 duc

535 4456 745 4542 ternarius
783 4458 954 4569 quidem
990 4484 1170 4575 quatuor
1204 4484 1393 4575 parteso

535 4593 719 4687 quatuor
748 4576 986 4677 elementa,
1018 4582 1083 4665 vei
1106 4606 1284 4692 quatuor
1307 4608 1397 4689 temp

536 4691 787 4810 significat:
820 4699 1014 4787 denarius
1052 4729 1158 4786 vero
1187 4758 1201 4797 ,
1232 4699 1306 4813 qui
1339 4721 1397 4783 co.

557 4951 620 5049 (¹)
642 4944 734 5022 COd·
749 4956 906 5030 mendose
922 4956 1143 5030 instructum·
1221 4959 1275 5050 (α)
1291 4951 1397 5028 Εοά..
