4284 6125
659 961 714 1068 78
896 977 1165 1038 nrvruonuna
1197 978 1481 1044 orrtcronuut

1093 1188 1297 1279 Lvttt.

854 1393 1536 1460 DEATRIOECCLESIAE

779 1547 859 1630 Per
878 1544 1050 1633 Atrium
1068 1546 1268 1638 Ecclesiae
1289 1547 1564 1664 intelligimus
1592 1551 1705 1636 haere

664 1661 771 1750 ticos
815 1666 903 1752 sola
955 1667 1223 1756 simulatione
1280 1673 1484 1758 Ecclesiae
1547 1667 1705 1779 conjun

662 1807 753 1869 ctos
772 1784 871 1901 (1),
888 1785 961 1898 qui
979 1785 1083 1876 loris
1109 1788 1346 1877 Ecclesiam
1369 1814 1465 1876 sunt
1482 1849 1496 1889 ‚
1516 1816 1705 1900 tamquan

662 1901 836 1987 Atrium
855 1966 865 1987 .
887 1906 967 2020 lpsi
983 1906 1098 1994 enim
1115 1932 1238 1996 extra
1262 1909 1510 1998 catholicam
1525 1905 1705 1994 Ecclesia

660 2019 800 2119 fidem,
819 2021 1018 2134 ejiciendi
1041 2051 1139 2114 sunt
1156 2029 1269 2114 foras
1291 2055 1368 2140 per
1385 2025 1705 2115 excommunica

664 2139 823 2227 tionem
850 2206 861 2227 .
897 2144 1018 2233 Dicit
1063 2147 1176 2234 enim
1192 2145 1412 2261 Scriptura
1428 2146 1503 2263 (2)
1522 2176 1532 2227 t
1553 2141 1705 2229 Haereti

657 2289 748 2346 cunr
765 2264 961 2349 hominem
977 2287 1070 2379 post
1088 2267 1267 2385 primam
1286 2324 1301 2368 ,
1324 2285 1366 2355 et
1383 2267 1603 2353 secundam
1641 2291 1705 2352 cor

659 2382 874 2474 rectionem
894 2387 1055 2475 deuito.

1120 2617 1273 2706 LIX.

1062 2824 1408 2889 DECAELO'

782 2981 947 3069 Caelum
983 2976 1112 3070 etiam
1146 2974 1303 3070 dicitur
1330 2972 1517 3068 Ecclesia
1553 3007 1568 3082 ;
1616 2978 1701 3066 und

663 3101 879 3186 Dominus
898 3103 955 3185 ait
972 3103 1080 3216 (3):
1113 3102 1204 3220 Ego
1222 3130 1312 3189 sum
1340 3098 1487 3187 ostium
1517 3157 1531 3199 ,
1556 3127 1632 3213 per
1666 3129 1703 3182 m

665 3219 701 3299 si
718 3218 808 3328 quis
824 3217 1054 3314 introierit,
1079 3220 1336 3330 salvabitur.
1371 3221 1506 3303 Recte
1526 3242 1631 3300 vero
1654 3240 1705 3322 pe

672 3331 837 3427 Caelum
855 3332 1040 3419 Ecclesia
1057 3334 1330 3453 designatur3
1365 3333 1475 3419 sicut
1497 3331 1609 3416 enim
1633 3330 1705 3413 Cae

672 3454 756 3537 lurn
774 3478 795 3535 a
813 3470 956 3551 terra,
986 3454 1184 3547 deserens
1218 3486 1345 3553 cam,
1376 3446 1657 3547 sublimatur,
1688 3446 1705 3532 ἕ

675 3593 831 3657 terram
856 3568 991 3659 imbre
1021 3574 1198 3695 irrigat,
1231 3576 1290 3662 sic
1325 3564 1575 3671 &Ecclesia
1604 3623 1618 3665 2
1651 3566 1704 3650 h0

566 3766 570 3778 .
675 3712 772 3789 cst,
805 3690 987 3781 fidelium
1004 3695 1279 3814 congregatio
1297 3754 1313 3793 ,
1332 3693 1496 3776 terrena
1533 3689 1705 3772 deseren

674 3810 819 3896 adalta
846 3815 1013 3913 tendit,
1047 3816 1087 3901 ἃ
1108 3810 1291 3928 pluviam
1313 3802 1655 3921 praedicationis,
1687 3802 1705 3889 ἑ

676 3924 970 4045 abundantiam
997 3935 1121 4017 bonae
1157 3925 1415 4044 operationis
1442 3922 1538 4014 suit
1554 3923 1705 4012 subditi

537 4123 542 4130 .
679 4046 857 4138 tribuit.

639 4398 645 4407 ,
704 4325 758 4409 (1)
773 4316 865 4389 Cod.
884 4327 1044 4410 injunctos
1227 4324 1367 4398 aericum
1382 4377 1394 4400 .
1410 4371 1446 4394 ..
1468 4334 1655 4418 pasturam
1670 4331 1705 4389 er

704 4419 759 4506 (a)
771 4412 839 4484 Tit.
855 4423 914 4493 111.
932 4447 987 4497 ιο.
997 4418 1179 4516 vulgara·
1251 4429 1307 4520 (3)
1321 4424 1418 4508 Joan.
1436 4446 1470 4496 x·
1484 4444 1523 4514 9.
