4284 6125
856 1402 1291 1492 exettcnttos.
1525 1409 1619 1500 335

541 1501 647 1595 :timi
676 1561 692 1604 ,
725 1501 823 1619 quia
839 1530 913 1616 per
932 1505 1209 1592 diiectionem
1248 1498 1433 1620 proxi-mi
1473 1536 1623 1622 perse·

541 1624 660 1711 nitur
681 1625 729 1709 nd
747 1624 1019 1712 dilectionem
1041 1625 1127 1710 Dei
1148 1684 1160 1708 .
1199 1623 1281 1711 Sed
1298 1624 1409 1708 forre
1429 1625 1534 1711 dicit
1553 1625 1623 1710 aii·

542 1741 637 1856 quis
651 1773 664 1828 ε
678 1745 851 1830 ostende
869 1744 969 1830 mihi
988 1741 1253 1842 Dominum,
1278 1765 1320 1831 et
1347 1768 1426 1858 ego
1453 1744 1621 1861 diligam

541 1888 672 1960 eom,
708 1861 776 1949 cui
796 1864 1139 1977 respondendum
1160 1883 1227 1947 est
1249 1893 1262 1947 r
1303 1863 1444 1980 Dilige
1475 1861 1621 1980 proxi·

535 2003 656 2066 enum
687 2038 702 2080 ,
737 2004 862 2095 quem
889 1982 1039 2083 videt,
1070 1980 1269 2096 quoni-em
1300 2010 1376 2096 per
1402 1982 1490 2093 ejus
1518 1986 1622 2070 diie-

534 2097 731 2186 ¹ctionetn
759 2102 808 2187 ad
824 2102 997 2199 Deum,
1030 2125 1155 2216 quem
1183 2126 1271 2185 non
1294 2102 1411 2189 vides
1432 2104 1621 2215 ‚perve-

542 2218 636 2304 nies
656 2282 667 2302 .
691 2220 817 2306 Unde
848 2222 1031 2330 Joannes
1059 2219 1323 2336 Evnngeiista
1354 2220 1410 2306 ait
1429 2222 1541 2340 (ἡκ
1575 2220 1620 2307 Si

541 2359 624 2424 non
642 2337 781 2458 rtis-igis
788 2338 965 2449 fratrem
983 2350 1099 2428 tirum
1122 2398 1135 2439 ,
1165 2364 1282 2456 quern
1315 2340 1457 2439 nider,
1487 2340 1620 2428 Derim

543 2487 661 2572 quern
678 2484 757 2543 non
773 2458 883 2546 vides
902 2518 917 2559 ,
949 2464 1154 2578 quomodo
1171 2481 1288 2573 potes
1305 2459 1476 2578 diligere
1493 2458 1516 2546 2
1536 2456 1620 2545 Sed

545 2598 643 2659 ante
678 2575 1002 2664 insufflationem
1023 2579 1067 2664 in
1085 2578 1319 2690 Apostolos
1345 2577 1526 2676 factam,
1564 2579 1621 2662 ie'·

545 2693 658 2808 gitur
683 2720 765 2782 tarn
796 2697 842 2783 in
874 2697 1052 2796 Novo,
1085 2720 1205 2808 quant
1235 2695 1277 2781 in
1312 2696 1461 2784 Veteri
1479 2694 1623 2782 Testa·

546 2832 692 2899 mento
716 2815 953 2931 ‚plurimos
984 2810 1236 2902 Sanctorum
1279 2814 1484 2931 Spiritum
1520 2813 1623 2901 San·

545 2952 661 3018 'ct-orn
682 2934 906 3033 habuisse,
937 2955 983 3018 ut
1000 2934 1354 3034 Abraham,²istec
1374 2996 1388 3035 ,
1407 2935 1449 3023 ἃ
1467 2935 1618 3045 Jacob,

546 3070 672 3161 ¹atque
700 3054 964 3168 Prophetes3
1003 3055 1074 3139 sed
1097 3054 1181 3141 boc
1215 3082 1292 3170 per
1319 3056 1528 3145 occuitam
1563 3052 1623 3139 in·

549 3167 874 3280 spirationem.
925 3171 1216 3258 Veruntamen
1264 3172 1456 3287 plurimis
1505 3172 1623 3259 simui

550 3285 798 3372 constitutis
843 3305 1056 3401 nunqnam
1109 3289 1267 3405 iegitur
1305 3289 1490 3404 Spiritus
1528 3289 1623 3373 San·

550 3425 643 3491 ctus
661 3405 781 3491 datus
797 3432 874 3530 per
892 3403 1251 3506 insufflationem,
1283 3407 1364 3497 nisi
1375 3409 1512 3496 =sointn
1532 3433 1623 3521 post

549 3522 730 3610 Domini
757 3526 1139 3615 resurrectionem.
1171 3526 1303 3642 Quod
1325 3551 1429 3615 vero
1447 3523 1623 3614 insuffla·

550 3640 615 3727 vit
642 3641 687 3728 in
716 3671 790 3731 eos
809 3704 823 3743 ,
855 3645 1043 3733 ostendit
1061 3675 1106 3734 se
1124 3646 1240 3734 iiiurn
1257 3646 1384 3748 fore,
1418 3643 1551 3759 quiin
1572 3646 1623 3734 fa·

551 3759 660 3848 ciem
680 3763 787 3849 Atiae
819 3763 1139 3867 insufflaverat,
1163 3765 1359 3877 erfectus
1376 3766 1451 3885 (α)
1479 3788 1544 3854 est
1558 3768 1623 3851 iro·

550 3910 617 3967 mo
648 3882 689 3967 in
723 3883 903 3971 animam
933 3884 1163 3987 viventem,
1199 3903 1244 3973 et
1278 3886 1404 3974 horno
1431 3895 1623 3971 terrenus

551 4000 733 4088 surrexit
754 4031 805 4088 ex
836 4003 937 4092 iimo
964 4067 976 4091 .
1005 4004 1281 4122 Quicumque
1309 4002 1423 4090 enim
1443 4003 1623 4121 Spiritui

552 4117 694 4208 Sancti
728 4125 888 4210 donum
913 4125 1137 4241 percipere
1155 4122 1427 4225 desiderat,a
1447 4122 1623 4211 terrenis

552 4239 785 4345 operibus,
818 4244 939 4329 veint
966 4272 991 4330 e
1013 4244 1114 4331 limo
1142 4263 1351 4357 oportet,
1383 4267 1438 4330 ttt
1455 4262 1623 4356 surgat.

551 4355 645 4443 Nee
696 4359 757 4447 sic
801 4360 958 4479 iegitur·
993 4361 1187 4481 ‘Spiritus
1236 4358 1414 4451 Sanctus
1447 4363 1577 4447 tintus
1613 4385 1623 4460 ,¹

584 4582 639 4665 (1)
655 4580 841 4675 Respicere
865 4586 1004 4658 videtur
1027 4586 1069 4657 sd
1118 4584 1413 4667 sememonten,
1429 4583 1623 4655 nrtausmi

557 4670 761 4753 loan.verba
777 4680 1068 4777 Epist.1.cap.1ss.
1118 4688 1325 4758 viseerum
1338 4682 1450 4764 air-eo,
1465 4679 1623 4779 quomode

553 4789 690 4865 verny.
719 4779 793 4866 Qu·
809 4778 974 4871 babuerit,
988 4778 1066 4853 trib·
1121 4782 1268 4855 chamas
1280 4783 1345 4852 Dei
1355 4780 1513 4851 manetin
1528 4777 1595 4846 eo?

553 4871 711 4942 stantiam
744 4876 841 4958 huius
866 4881 982 4950 mnndi
993 4926 1004 4961 ,
1031 4894 1066 4949 rt
1142 4884 1199 4972 (2)
1213 4878 1339 4951 Gemi·
1357 4879 1408 4951 ss·
1421 4897 1460 4972 7·

551 4966 678 5041 viderit
685 4968 830 5059 fratrem
844 4995 940 5048 suurn
955 4999 1064 5049 neces·
