4284 6125
957 788 960 795 ι

652 818 657 822 .
720 813 776 828 *n

1023 863 1033 870 ,

1311 899 1346 908 --ι

587 1333 678 1427 226
825 1352 1098 1439 sturnorum
1128 1354 1413 1419 ossrctortum

585 1486 677 1548 cata
703 1473 779 1567 per
811 1460 988 1572 gratiam
1008 1449 1167 1540 Chrilli
1186 1452 1344 1541 dimilla
1365 1509 1379 1551 ,
1396 1442 1591 1565 quamvis
1611 1442 1661 1537 itt

584 1573 796 1690 aliquibus
829 1572 1080 1663 criminibus
1106 1572 1243 1689 priori
1270 1572 1435 1690 populo
1466 1596 1663 1657 commu·

586 1696 810 1796 nicemus,
842 1693 1021 1781 mutavit
1044 1691 1308 1811 septuaginta
1334 1718 1468 1779 annos
1496 1687 1543 1776 in
1569 1690 1665 1803 sep-

587 1814 776 1932 tuaginta
806 1813 957 1903 diebus
975 1874 989 1915 ‚
1019 1812 1237 1928 inquibus
1259 1808 1542 1903 voluntariam
1558 1806 1664 1897 allii·

589 1936 811 2033 ctionem,
840 1931 884 2021 ἃ
917 1931 1210 2023 abstinentiam
1247 1931 1443 2036 indicat;
1474 1954 1519 2017 et
1550 1925 1667 2021 sicut

587 2053 652 2146 illi
688 2051 921 2141 amiserunt
952 2068 1105 2142 vocem
1138 2052 1313 2172 gaudii,
1353 2052 1665 2169 suspendentes

588 2202 749 2291 organa
768 2204 870 2272 sua,
903 2173 1018 2293 ita&
1043 2204 1122 2261 nos
1145 2174 1464 2263 intermittimus
1497 2166 1665 2260 cantica

589 2294 792 2394 laerniae,
825 2296 905 2387 hoc
934 2294 989 2380 ell
1007 2294 1194 2399 „Gloria
1216 2297 1259 2381 in
1271 2292 1448 2383 excelsis
1463 2292 1587 2387 Deo,
1615 2284 1665 2381 ἀ

588 2411 775 2527 'Allelujn
794 2472 809 2514 ,
828 2412 924 2503 vice
952 2412 1070 2521 cujus
1087 2416 1294 2503 Tractum
1314 2413 1495 2502 dicimus
1514 2472 1525 2496 .
1557 2406 1667 2497 Tra·

591 2557 689 2623 ctus
706 2531 820 2619 enim
842 2534 918 2653 (t)
938 2532 1165 2649 aliquando
1186 2532 1408 2634 laetitiam,
1435 2528 1666 2644 aliquando

590 2650 911 2741 tribulationem
930 2679 1054 2742 sonat
1075 2718 1085 2739 .
1120 2652 1449 2773 Deprofnndis,
1481 2651 1668 2737 Commo·

591 2772 722 2870 visti,
748 2771 834 2883 Qui
861 2775 1035 2875 babitus,
1057 2774 1129 2862 Ad
1147 2796 1188 2863 te
1215 2774 1349 2863 levavi
1369 2774 1514 2893 ‚Saepe
1538 2796 1670 2885 sceptr-

587 2893 1173 3013 gnoverunt,tribulationem
1207 2893 1487 3012 praesignant.
1522 2888 1671 2989 Deus,

594 3010 712 3099 Dens
729 3040 843 3100 meus
860 3075 874 3116 ‚
891 3014 977 3130 Qui
991 3014 1206 3133 confidunt
1221 3078 1235 3118 ,
1252 3018 1453 3113 Lnudute,
1475 3005 1670 3100 laetitiam

509 3142 515 3150 '
592 3129 891 3252 praesignant:
925 3139 1039 3251 quod
1060 3166 1166 3223 vero
1191 3160 1288 3249 post
1310 3140 1410 3222 duas
1430 3127 1672 3217 tribulatio·

592 3257 674 3340 'nes
694 3253 844 3343 tertius
862 3254 1052 3345 occurrit
1070 3256 1237 3348 laetitiae
1254 3251 1534 3376 Magnificat3
1553 3249 1672 3364 quod

594 3397 699 3490 post
717 3373 824 3462 duos
862 3375 1219 3465 diesDominicac
1255 3376 1487 3491 sepulturae
1516 3366 1672 3456 tertius

596 3492 790 3582 occurrit
825 3494 1192 3585 resurrectionis.
1230 3497 1283 3582 Et
1317 3489 1518 3608 quoniam
1550 3485 1673 3604 prior

601 3612 788 3730 populus
815 3611 860 3701 iu
888 3645 1035 3736 magna
1065 3615 1212 3708 laetitia
1241 3612 1322 3704 fuit
1351 3672 1367 3717 ‚
1398 3640 1494 3702 cum
1532 3609 1672 3730 Cyrus

624 3857 681 3943 (r)
698 3851 893 3928 Amalarius
916 3861 956 3930 de
983 3862 1108 3934 Eccles.
1158 3911 1185 3947 ‚‚
1199 3859 1311 3934 oculos
1326 3881 1439 3940 meos,
1453 3874 1493 3929 ut
1515 3865 1601 3951 Saepe
1615 3869 1673 3920 ex·

599 3947 1109 4053 offilibnrlaapnrnpnss.
1158 4011 1184 4046 ,‚
1200 3971 1511 4059 pugnaveruntme‚
1527 3971 1563 4024 ut
1580 3960 1674 4018 Deus

602 4051 654 4128 ita
672 4048 846 4145 loquiturs
873 4101 898 4137 ‚,
914 4058 993 4131 Hoc
1007 4076 1058 4130 est
1071 4059 1121 4131 in·
1166 4109 1193 4144 „
1206 4070 1296 4131 Deus
1313 4079 1416 4129 meus.
1429 4050 1618 4126 Laetitiam,
1633 4059 1675 4114 ut

603 4197 631 4236 ,‚
648 4165 703 4220 ter
714 4148 896 4236 Alleluia,
912 4165 1117 4241 effractum,
1165 4206 1191 4241 „
1206 4155 1349 4231 iubilate
1364 4163 1444 4231 Deo,
1455 4165 1494 4220 ut
1509 4145 1582 4243 Ql
1598 4166 1675 4213 ⁶⁰²²·

604 4296 633 4335 ‚,
651 4250 744 4341 quod
758 4248 915 4334 Alleluia
941 4251 1118 4340 laetitiam,
1169 4301 1194 4339 ‚,
1206 4254 1316 4342 fidunt
1331 4253 1366 4324 in
1380 4247 1574 4327 Dominomr
1587 4252 1678 4319 Lou-

602 4395 631 4434 „
649 4345 723 4417 sive
734 4347 1119 4433 laudemDomino‚Tra·
1166 4404 1192 4439 „
1209 4357 1284 4426 date
1299 4344 1572 4424 Dominum.l’ost
1588 4343 1678 4421 duos

604 4491 633 4532 ,‚
648 4459 720 4514 ctus
746 4468 831 4518 vero
847 4444 1029 4542 aliquando
1055 4450 1120 4522 tri·
1168 4499 1192 4537 „
1208 4445 1439 4524 tribulationis
1465 4443 1588 4516 tertius
1616 4461 1679 4509 oc-

605 4589 633 4629 „
647 4539 898 4627 bulationem,
935 4546 1118 4641 aliquando
1166 4549 1317 4635 „currit
1334 4544 1487 4627 latitia,
1514 4537 1678 4636 quoniam

607 4687 634 4728 2,
651 4639 801 4717 laetitiam
815 4661 909 4714 sonat
922 4691 934 4716 .
957 4644 1118 4719 Tribola·
1166 4696 1192 4733 ,‚
1207 4662 1284 4741 post
1298 4649 1386 4720 duos
1402 4643 1475 4716 dits
1490 4639 1678 4734 sepultura

608 4782 636 4824 „
649 4737 777 4810 tionem
790 4785 804 4821 ,
819 4756 857 4811 ut
869 4751 921 4810 De
930 4743 1116 4837 profitetis,
1164 4795 1190 4831 ,‚
1207 4744 1328 4815 tertius
1342 4742 1497 4816 occurrit
1525 4759 1679 4820 resurre-

609 4850 692 4918 „ut
713 4839 931 4910 commovisti
942 4865 952 4919 ·,
981 4856 1019 4911 ut
1045 4845 1119 4936 Qi
1167 4891 1195 4931 „
1208 4840 1330 4916 ctionis
1350 4868 1361 4913 ·.
1379 4889 1404 4925 ,,

612 4979 640 5018 ,,
654 4929 785 5008 habitat
797 4979 807 5014 ‚
821 4953 862 5007 ut
878 4939 943 5013 .Λά
957 4951 988 5013 ts
1003 4937 1119 5022 levavi
