4284 6125
585 1246 674 1363 42⁶
820 1270 1086 1333 urvrnonunt
1116 1264 1403 1331 orrrcronunr

584 1366 759 1480 uaefierrt
787 1367 891 1483 (ι).
928 1365 1128 1476 Sequitur
1147 1361 1450 1463 Communio,
1484 1358 1588 1475 'quw
1610 1360 1661 1451 ri

583 1485 751 1601 gnificat
789 1485 1122 1572 communicatos
1148 1511 1270 1572 erse.
1320 1484 1482 1569 Postea
1508 1480 1658 1569 dicitur

583 1601 722 1688 orario
757 1662 770 1702 ,
807 1603 850 1688 in
879 1632 959 1716 qua
985 1628 1103 1720 rogat
1138 1600 1389 1701 Sacerdos,
1439 1623 1484 1687 et
1510 1601 1657 1719 gratier

582 1721 664 1835 ugit
692 1725 743 1806 de
768 1721 1025 1809 Sacramenti
1051 1719 1329 1837 perceptione
1352 1780 1363 1803 .
1404 1719 1582 1807 Deinde·
1601 1748 1661 1806 se·

582 1841 723 1955 quitur
741 1840 801 1925 Ite
817 1843 938 1927 mirra
955 1863 1016 1927 err
1036 1901 1050 1940 ,
1069 1842 1229 1949 hoqest
1246 1899 1260 1940 ‚
1278 1837 1507 1953 sequimini
1523 1836 1652 1925 Chri·

581 1986 722 2058 stum,
749 1961 939 2047 Hostium
972 1988 1051 2074 pro
1081 1956 1203 2047 vobis
1220 1961 1269 2045 ed
1287 1962 1452 2044 Partem
1473 1954 1660 2045 missam?

581 2105 754 2192 oportet
788 2080 901 2164 enim
921 2138 935 2177 ,
968 2104 1016 2164 ut
1050 2080 1237 2165 membru
1257 2102 1384 2191 caput
1402 2102 1659 2190 sequnntur.

581 2198 664 2285 Vel
698 2197 790 2284 sic:
827 2200 886 2285 Ire
910 2196 1033 2284 mirra
1063 2220 1160 2300 ert,
1181 2198 1276 2285 'huc
1293 2220 1389 2297 ert,
1425 2193 1660 2283 immolatur

583 2344 644 2402 est
661 2317 814 2431 Agnus
833 2378 846 2415 ‚
865 2341 906 2401 et
929 2341 1137 2403 reseratus
1151 2342 1214 2403 est
1229 2311 1411 2411 Paradiri
1442 2313 1658 2401 introitusr

583 2434 823 2548 Sequimini
855 2464 951 2520 eum
970 2435 1265 2525 mortificando
1294 2460 1462 2523 curnem
1481 2456 1664 2520 vestram

580 2584 676 2641 curn
706 2554 825 2641 vitiis
856 2614 869 2653 ‚
917 2578 960 2639 et
991 2551 1394 2672 concupiscentiis·
1441 2551 1523 2639 vet
1558 2550 1662 2639 sicr

577 2673 638 2758 Ite
655 2675 777 2759 mirra
796 2675 983 2779 ert,th
1006 2698 1070 2761 est
1085 2670 1310 2789 sequimini
1329 2665 1515 2757 Hostiam
1531 2726 1548 2769 ‚
1564 2697 1663 2783 quae

580 2790 707 2878 missa
740 2795 883 2879 estad
914 2792 1130 2892 caeiestin,
1168 2793 1653 2903 tendentespnrt-enm.

580 2910 664 2995 Ver
688 2912 846 2999 Missus
873 2911 1053 2999 caelestis
1089 2910 1207 2998 venit
1242 2914 1290 2997 ad
1327 2908 1658 2997 consecrandum

583 3028 860 3120 Dominicum
882 3030 1082 3146 Corpus,
1101 3060 1319 3147 perquem
1344 3030 1402 3116 nd
1415 3028 1563 3116 Airare
1581 3054 1659 3117 cnr·

583 3150 688 3240 leste
711 3154 897 3242 defertur
919 3150 1067 3239 Hostia
1089 3213 1099 3234 .

989 3387 1263 3476 CCXXX.

838 3594 897 3650 DE
930 3595 1056 3653 Mtssn
1088 3597 1173 3656 PRO
1206 3594 1407 3654 Mortuum

658 3809 663 3819 .
702 3743 749 3825 In
772 3739 904 3830 Missa
926 3775 1005 3856 pro
1034 3746 1209 3832 mortuis
1238 3775 1325 3830 non
1353 3762 1547 3832 cantatur
1566 3740 1660 3827 Glo-

582 3858 645 3946 rin·
663 3859 704 3942 in
720 3866 891 3948 excelsis
909 3869 995 3949 Deo
1015 3924 1028 3963 ‚
1059 3896 1135 3953 nec
1155 3866 1336 3978 Allelujn
1356 3925 1370 3964 ,
1410 3894 1506 3976 quae
1526 3858 1661 3946 suavi·

583 4000 711 4061 tatem
734 4037 746 4076 ,
778 4005 820 4062 et
838 3983 1025 4067 iaetitiam
1046 3984 1303 4101 significant3
1326 3982 1421 4095 quin
1457 4008 1554 4064 tunc
1573 4009 1661 4062 ma·

580 4094 646 4210 gis
662 4093 866 4182 afficimur
896 4130 973 4213 pro
1000 4105 1136 4190 charis
1167 4104 1332 4189 -norrris
1363 4098 1567 4188 tristitia.
1603 4099 1660 4182 Et

580 4214 679 4325 quin
706 4216 939 4303 celebratur
968 4224 1017 4306 ad
1047 4223 1327 4308 imitationem
1364 4218 1514 4305 mortis
1535 4217 1662 4302 Chri·

579 4330 633 4414 sti
653 4391 667 4429 ,
689 4363 774 4420 non
795 4338 913 4425 datur
941 4343 1156 4428 osculum.
1182 4343 1229 4426 ln
1259 4339 1435 4452 septima
1462 4337 1530 4422 die
1562 4367 1664 4423 can·

579 4467 725 4553 tatur,
750 4482 796 4542 ut
821 4485 1034 4574 septenam
1056 4462 1235 4547 habeant
1251 4458 1443 4574 requiem
1461 4487 1485 4542 a
1504 4454 1662 4543 laboris

601 4742 654 4835 (ι)
675 4740 714 4809 in
743 4741 922 4836 margine:
948 4713 1086 4826 „Cum
1138 4742 1331 4837 „gentium
1364 4785 1376 4821 ‚
1411 4755 1505 4806 tunc
1538 4733 1660 4810 omnir

570 4889 599 4934 ,‚
615 4837 705 4919 enin
733 4840 866 4918 venerit
907 4838 1087 4941 plenitudo
1136 4835 1552 4926 „torretsatvusfietrz
1623 4893 1626 4898 .
1658 4903 1664 4922 ,
