4284 6125
547 1385 611 1473 ³4
792 1354 1063 1443 DNfflORUMJ
1084 1351 1373 1416 OFFICIORUM

550 1479 625 1558 sed
648 1494 786 1553 tamen
805 1465 1062 1582 gaudebant.
1093 1447 1192 1558 quia
1221 1445 1263 1531 in
1284 1448 1447 1535 unitate
1463 1477 1625 1564 corpo·

550 1588 610 1675 51,
631 1586 858 1668 manebant
874 1640 890 1680 ,
906 1577 945 1662 ἃ
961 1564 1132 1652 uomina
1151 1594 1299 1653 eorum
1322 1565 1481 1682 scripta
1500 1593 1622 1657 erant

547 1701 593 1791 in
623 1697 765 1782 caelo.
800 1694 967 1783 Deinde
985 1689 1132 1771 Petrus
1159 1687 1289 1773 multa
1321 1685 1531 1774 daemonia
1549 1717 1624 1775 ex·

549 1809 672 1903 elusit
706 1869 726 1909 ,,
760 1817 972 1924 multaque
1001 1803 1080 1890 alia
1110 1802 1212 1892 fecit
1241 1837 1255 1910 ;
1287 1831 1411 1922 atque
1447 1837 1620 1927 magnus

544 1924 750 2023 Ecclesiae
768 1930 914 2015 oculus
931 1920 1046 2008 fuit.
1080 1923 1222 2012 Plures
1253 1927 1410 2014 etenim
1439 1932 1620 2016 extitere

547 2046 691 2138 fideles
707 2108 722 2146 ,
738 2044 830 2160 qui,
844 2044 923 2133 etsi
945 2044 1103 2130 nullum
1124 2045 1288 2162 signum
1315 2045 1542 2146 fecerunt,
1577 2048 1619 2133 in

547 2194 735 2285 corpore
753 2189 889 2252 tamen
909 2188 1178 2251 manserunt.
1199 2163 1348 2254 Simon
1365 2167 1507 2282 itaque
1525 2168 1620 2253 Ma·

545 2319 648 2408 gut,
666 2284 765 2370 licet
783 2284 912 2370 multu
926 2281 1075 2371 lecerit
1093 2342 1109 2383 ‚
1124 2284 1295 2399 suisque
1312 2288 1462 2403 ingens
1483 2284 1617 2374 oculis
1704 2363 1705 2368 r

549 2401 767 2525 paruerit,
799 2401 851 2487 in·
866 2403 1065 2518 eorporis
1088 2427 1225 2491 tamen
1246 2407 1405 2494 unitate
1425 2437 1502 2494 nec
1520 2405 1619 2492 ulti·

547 2553 663 2631 mum
688 2521 858 2636 quidem
877 2527 1109 2610 membrum
1128 2522 1206 2611 fuit
1235 2587 1247 2609 .

510 2665 513 2670 ’
669 2640 799 2762 Quod
823 2662 963 2728 autem
982 2639 1175 2732 nonnulli
1194 2641 1389 2730 miracula
1407 2666 1617 2757 patrantes

540 2759 592 2846 in
624 2764 786 2845 unitate
810 2762 1014 2882 ,corporis
1049 2764 1254 2852 Ecclesiae
1283 2763 1457 2850 minime
1489 2762 1618 2861 sint,

539 2878 762 2965 Dominus
787 2879 830 2965 in
847 2883 1079 2998 Evangelio
1100 2882 1321 2982 ostendit,
1352 2883 1497 2969 dicens
1516 2884 1617 2999 (1):

539 2998 729 3117 ''Surgenr
746 3001 1043 3093 Pseudoclrristr‘
1061 3061 1076 3103 ,
1107 3003 1154 3099 (γ
1172 3004 1558 3119 Pseudoprophetas.

537 3196 544 3206 .
664 3121 711 3202 ln
746 3120 821 3211 bac
843 3124 957 3210 enim
989 3123 1179 3212 Ecclesia
1216 3150 1299 3212 tres
1329 3152 1427 3212 sunt
1447 3120 1620 3209 ordines

537 3231 734 3328 bdelium
768 3302 783 3343 ,
824 3242 1164 3361 Conjugatorum
1194 3242 1397 3330 videlicet
1424 3302 1438 3341 ,
1469 3238 1621 3327 Conti-

534 3354 775 3464 nentium,
807 3360 1231 3453 &Praedicatotum
1267 3364 1323 3447 Et
1359 3363 1449 3448 baec
1477 3361 1623 3447 Eccle-

535 3470 818 3591 siaquotidie
849 3483 979 3569 variis
1021 3482 1348 3570 adversitatibus
1390 3479 1621 3595 fatigatur,

536 3593 569 3678 'a
588 3595 759 3714 Paganis
779 3597 943 3697 scilicet
972 3599 1157 3685 exterius
1185 3661 1199 3698 ‚
1229 3598 1467 3687 afratribus
1492 3595 1622 3709 siqui·

536 3714 887 3812 nleminterius:
930 3716 1198 3804 extrinsecus
1230 3715 1390 3831 apertis
1427 3710 1622 3828 persecu·

533 3830 743 3920 -tionibus
772 3837 1061 3951 Paganorum‚
1092 3834 1352 3926 intrinsecus
1384 3857 1522 3919 autem
1553 3860 1621 3919 oc·

533 3955 677 4039 'cultis
696 3952 976 4062 seditionibus
993 3955 1169 4042 fratrum
1195 3955 1484 4043 simulatorum
1503 4012 1514 4034 .
1536 3949 1620 4035 Sed

543 4066 597 4186 in
619 4094 818 4185 quantum
859 4074 1095 4186 premitur,
1129 4074 1171 4164 dt
1205 4081 1428 4195 pulsatur,
1467 4070 1511 4156 in
1532 4092 1621 4151 tan·

537 4208 645 4278 ,tum
666 4190 869 4305 praevalet
888 4253 903 4292 ,
925 4192 968 4283 dt
987 4197 1175 4301 augescit
1200 4254 1216 4295 ‚
1247 4192 1290 4281 dt
1309 4196 1462 4276 decora
1490 4185 1620 4278 effici·

543 4331 626 4396 tur
651 4371 664 4394 .
697 4310 824 4396 Unde
853 4311 944 4427 ipsa
961 4311 1004 4398 in
1025 4307 1384 4402 Canticoamoris
1406 4309 1619 4416 loquitur,

550 4429 698 4515 dicens
728 4429 803 4545 (a)
834 4462 847 4516 z
882 4432 1019 4553 Nigro
1053 4465 1181 4534 suna,
1208 4437 1281 4522 sed
1306 4429 1490 4537 formoso
1519 4424 1619 4532 filiae

542 4548 838 4638 Hierusalem.
872 4554 1006 4667 Nigra
1025 4554 1229 4669 quidem,
1262 4548 1305 4636 dt
1329 4546 1421 4633 vilis
1457 4546 1497 4628 in
1520 4576 1616 4630 ocu·

550 4665 601 4760 lis
618 4672 968 4791 persequentium
995 4700 1179 4795 appareo
1205 4724 1226 4771 ,w
1251 4672 1324 4757 sed
1351 4688 1448 4751 ante
1466 4660 1621 4759 Domi·

578 4933 631 5029 (¹)
657 4932 895 5013 Matthaxtv·
911 4920 970 5037 η,
1108 4932 1187 5030 ..(ι)
1217 4926 1355 5005 Cautio.
1382 4949 1469 5028 na.
1595 4983 1601 4992 ,
