4284 6125
583 1412 642 1495 94
822 1407 1086 1480 ntvsuonunt
1108 1400 1383 1465 oenomaum

582 1498 756 1583 nubium
773 1500 936 1620 fulgura
952 1519 1215 1617 generantur,
1233 1500 1282 1581 ad
1300 1496 1429 1581 instar
1450 1489 1617 1581 silicum

581 1618 791 1712 duorum,
826 1648 934 1729 quos
951 1644 1042 1703 cum
1058 1612 1289 1723 pulsaveris
1312 1613 1494 1707 invicem
1515 1613 1617 1712 tibi,

579 1728 738 1817 medius
771 1764 826 1819 ex
844 1736 905 1817 liis
924 1730 1031 1844 ignis
1057 1730 1269 1819 elabitur.
1306 1734 1386 1822 Vel
1423 1734 1615 1844 quemad·

575 1848 747 1935 modum
783 1852 817 1939 si
846 1850 999 1962 lignum
1021 1872 1177 1937 teratur
1204 1913 1219 1952 ,
1250 1853 1389 1969 ignem
1423 1850 1613 1941 emittit.

575 1966 662 2055 Huc
678 1966 815 2083 itaque
834 1965 1112 2068 tatione,cum
1131 1971 1273 2057 nubila
1291 1970 1477 2057 invicem
1512 1970 1555 2055 in
1574 1970 1615 2055 se

574 2088 729 2175 fuerint
762 2080 902 2169 collisa
936 2144 951 2183 ‚
983 2086 1098 2174 illico
1114 2088 1290 2177 fulmina
1328 2086 1607 2176 emittuntur.

575 2205 736 2295 Dehinc
761 2202 989 2313 sequuntur
1010 2208 1227 2309 tonitrua,
1259 2206 1471 2323 quaelicet
1501 2206 1613 2293 soni-

576 2356 618 2417 tu
636 2317 813 2408 tardiora
833 2320 918 2405 sint
936 2384 951 2424 ,
971 2331 1218 2436 praecedunt
1233 2327 1427 2416 concussi
1443 2324 1609 2413 luminis

571 2439 746 2535 claritate
764 2437 986 2531 luminaria
1005 2446 1331 2563 magnaParitet
1351 2472 1612 2547 tamemcuut

566 2558 716 2673 fulgura
751 2559 1038 2663 emittuntur,
1074 2571 1144 2653 sed
1179 2597 1325 2657 eorum
1343 2567 1506 2652 sonitus
1529 2586 1612 2648 tar·

562 2681 647 2769 dius
668 2700 888 2788 penetrat,
905 2711 1027 2795 quam
1046 2686 1179 2775 oeulis
1200 2686 1398 2801 splendor
1417 2684 1610 2797 fulguris3

527 2864 529 2869 -
559 2798 605 2886 ad
625 2792 751 2881 inllar
785 2802 943 2888 secutis
986 2809 1181 2894 arborem
1210 2800 1446 2900 caedentis,
1493 2799 1609 2910 cuius

556 2911 725 3029 quidem
749 2944 844 3005 ante
862 2921 999 3009 cernis
1020 2924 1294 3039 ictum,quam
1311 2924 1359 3007 ad
1375 2947 1497 3007 aures
1518 2947 1612 3034 per·

481 3275 491 3286 ,
554 3232 580 3267 22
596 3190 798 3276 praedictum
812 3207 880 3271 est,
896 3190 1056 3285 fulgura,
1105 3193 1211 3278 „late
1229 3190 1360 3260 circum
1381 3185 1458 3257 loca
1473 3184 1611 3278 fulgure

552 3332 578 3366 ‚,
594 3303 628 3355 et
642 3289 793 3361 tonitrua
820 3288 923 3362 simul
942 3290 1055 3385 expti·
1107 3343 1132 3378 ,‚
1144 3287 1331 3364 fumantAEt
1350 3286 1504 3358 Lucanus
1516 3283 1614 3354 mite·

552 3430 578 3465 ‚‚
594 3407 757 3460 muntut:
784 3389 843 3459 sed
861 3387 947 3461 illud
964 3391 1054 3463 cele·
1105 3412 1276 3485 „reoque
1303 3406 1437 3456 nocens
1468 3381 1613 3454 fumavit

552 3528 578 3563 ,,
594 3483 662 3553 rius
679 3485 846 3564 videtur,
877 3488 970 3575 quod
985 3487 1057 3560 cla·
1105 3543 1129 3577 ‚,
1146 3490 1309 3581 sulphure
1323 3485 1451 3554 ferrum
1469 3529 1479 3549 .
1495 3481 1533 3550 Iu
1549 3477 1615 3549 ful-

554 3625 581 3660 „
596 3601 671 3647 tum
686 3596 759 3656 est,
774 3582 840 3646 hoc
857 3599 970 3648 autem
986 3597 1056 3650 tar·
1107 3633 1132 3667 „
1148 3585 1294 3655 minibus
1327 3583 1527 3649 Sanctorum
1556 3600 1613 3644 ac·

555 3670 671 3758 „dius
698 3674 739 3738 ad
757 3692 854 3738 aures
871 3674 1054 3758 pervenit.
1105 3725 1130 3757 „
1148 3677 1329 3764 cipiantur
1344 3671 1533 3749 miracula,
1547 3669 1614 3738 cla·

556 3819 582 3857 „
596 3767 677 3842 Post
691 3759 840 3836 fulminis
866 3777 979 3831 autem
1002 3766 1055 3843 ja·
1107 3767 1246 3848 „ritate
1264 3764 1440 3852 signorum
1460 3813 1470 3845 ‚
1489 3787 1526 3833 ac
1540 3763 1611 3832 vir-

554 3885 687 3956 „ctum
701 3878 882 3934 ventorum
903 3858 1056 3952 eiumpit
1106 3873 1260 3948 „tutum
1293 3856 1478 3942 micantia,
1512 3878 1611 3953 atque

555 3960 781 4052 „violentias
810 3953 929 4046 sicque
956 3955 1054 4031 furo·
1102 3962 1184 4048 „ad
1212 3957 1329 4030 intima
1359 3956 1472 4028 cordis
1490 3981 1612 4050 perve-

555 4113 580 4149 ,‚
594 4083 665 4132 rem
692 4054 925 4148 tempestatis,
949 4080 1051 4149 quam
1102 4055 1267 4146 „nientit
1294 4105 1305 4126 .
1335 4052 1502 4127 Sublimia
1536 4056 1611 4126 loca

554 4209 581 4246 „
597 4160 630 4230 in
644 4154 789 4226 nubibus
805 4153 955 4227 conclusi
972 4180 1053 4253 age·
1103 4210 1127 4244 ‚‚
1143 4153 1285 4250 amplius
1300 4153 1427 4226 sentite
1448 4154 1609 4226 dicuntur

554 4257 698 4343 „bant‚
726 4269 885 4325 exeuntes
915 4255 957 4325 ad
984 4273 1054 4330 tet·
1104 4308 1128 4342 „
1145 4271 1351 4333 ventorum,
1371 4249 1426 4321 vel
1454 4250 1605 4322 fulminis

553 4403 580 4440 ,‚
594 4375 645 4423 tas
660 4350 844 4422 emittunt.
871 4354 1051 4427 Lucretius
1100 4406 1126 4441 ,‚
1142 4351 1314 4435 injuriam,
1326 4374 1425 4444 quam
1443 4347 1607 4420 humilior

551 4465 704 4536 „autem
719 4447 828 4531 dicit,
842 4447 985 4523 fulmina
1008 4477 1051 4524 ex
1102 4503 1125 4538 ‚,
1141 4470 1255 4525 tetra.
1271 4449 1367 4521 Unde
1383 4465 1417 4517 et
1427 4447 1605 4518 Horatius:

552 4539 731 4630 „minutis
761 4544 944 4621 seminibus
971 4573 1051 4622 con·
1101 4603 1125 4636 „
1146 4548 1355 4640 Feriuntque
1382 4568 1530 4617 summos
1546 4543 1608 4612 ful·

550 4694 577 4728 ‚,
590 4660 678 4714 state
692 4694 703 4724 ,
717 4645 801 4715 adeo
815 4646 1048 4738 penetrabilia,
1109 4700 1133 4734 „
1151 4670 1233 4743 gura
1249 4663 1377 4718 montes
1394 4697 1439 4731 ‚,.
1474 4647 1606 4718 Confer

550 4789 576 4825 „
592 4742 1051 4836 utubicumquefulmencc-
1104 4747 1207 4840 Orig.
1226 4744 1386 4822 lib.x111.
1414 4769 1547 4837 capax,
1567 4747 1605 4814 dt

552 4887 577 4922 ,‚
592 4837 738 4921 ciderit,
764 4840 935 4932 fulgorem
954 4846 1053 4914 ardo-
1109 4845 1312 4918 Fulminibus
1329 4844 1491 4942 pag.178.

547 4986 577 5025 ,,
593 4937 638 5010 tis
653 4938 967 5034 emittat.virgilins
986 4971 996 5015 t
1011 4941 1054 5016 Et
