4284 6125
450 787 1653 1030 ψ

782 1323 828 1384 ,Β
848 1327 879 1386 x
901 1328 924 1385 e
946 1326 1061 1388 suffe
1080 1328 1109 1385 n
1128 1327 1156 1388 'r
1174 1328 1267 1400 ro.
1494 1337 1585 1428 399

513 1443 560 1510 ut
585 1417 741 1508 laceret
759 1447 923 1506 aeneum
952 1420 1026 1537 (r)
1055 1441 1297 1536 serpentem
1323 1478 1338 1521 ,
1372 1442 1416 1506 et
1433 1432 1584 1517 exalta·

510 1570 577 1630 ret
593 1541 707 1626 illum
724 1538 769 1623 in
790 1537 903 1657 ligno
929 1539 973 1625 in
993 1566 1169 1640 eremo,
1207 1562 1250 1626 et
1284 1564 1479 1628 moneret
1504 1575 1580 1658 po·

511 1663 655 1775 pulum
674 1658 831 1756 lsrael,
868 1679 916 1743 ut
940 1659 974 1745 si
997 1657 1091 1772 quis
1127 1687 1290 1750 morsus
1327 1658 1436 1750 esset
1456 1693 1478 1747 a
1497 1693 1582 1750 ser·

509 1808 657 1896 pente,
674 1776 789 1865 illum
819 1800 1059 1894 serpentem
1078 1776 1123 1864 in
1143 1776 1257 1896 liguo
1275 1782 1501 1868 exaltatum
1520 1807 1581 1871 at·
1643 1850 1645 1854 Α

508 2087 535 2124 ,,
550 2064 600 2115 est
615 2097 626 2116 .
644 2049 781 2121 Morsus
796 2049 960 2142 serpentis
975 2050 1021 2122 le·
1068 2095 1094 2130 ,‚
1108 2054 1180 2118 tua?
1194 2046 1258 2118 Ubi
1273 2063 1323 2118 est
1337 2070 1427 2137 mors
1440 2047 1579 2124 aculeus

508 2185 533 2222 2,
550 2145 674 2228 thalis,
706 2168 796 2218 mors
814 2147 956 2219 Domini
969 2148 1021 2219 vi·
1067 2193 1092 2227 „
1109 2150 1214 2217 tuus?
1232 2144 1371 2222 interim
1390 2147 1505 2227 modo,
1518 2147 1580 2221 fra·

469 2291 476 2306 .
508 2283 532 2320 2,
548 2241 849 2342 talisllttenditur
861 2268 1019 2338 serpens,
1069 2290 1094 2325 ‚‚
1109 2258 1201 2325 tres,
1229 2260 1267 2313 ut
1285 2266 1303 2311 a
1320 2259 1460 2334 peccato
1485 2267 1578 2314 sane·

507 2382 531 2418 2,
548 2355 585 2407 ut
600 2352 602 2354 ’
616 2328 700 2412 nihil
727 2340 839 2414 valeat
857 2366 1017 2437 serpens.
1067 2363 1186 2423 „mur
1218 2339 1394 2413 Christum
1439 2340 1577 2411 crucih'-

506 2478 532 2514 a,
546 2436 642 2532 Quid
657 2456 707 2510 est
721 2442 801 2512 hoc?
817 2443 1018 2514 Attenditur
1067 2485 1092 2520 „
1109 2461 1188 2509 xum
1223 2436 1438 2518 intueamur,
1468 2439 1548 2531 quia
1564 2483 1576 2520 ,

505 2539 678 2619 ninom,
716 2555 756 2608 ut
792 2538 878 2629 nihil
905 2538 1016 2611 valeat
1066 2535 1193 2617 „sim
1221 2542 1390 2626 Moyses,
1433 2534 1575 2629 inquit,

506 2675 532 2709 υ
547 2657 666 2706 mors.
698 2635 764 2708 Sed
783 2640 880 2718 cujus
898 2643 1019 2709 mors?
1068 2631 1273 2716 „exaltavit
1319 2645 1500 2727 serpentem
1538 2635 1579 2707 in

504 2773 529 2808 η
544 2732 637 2804 Mors
652 2732 756 2817 vitre,
770 2735 796 2807 si
811 2733 878 2806 dici
906 2750 1020 2827 potest
1068 2777 1093 2811 ,‚
1107 2750 1216 2800 eremo
1232 2776 1242 2809 ,
1267 2730 1315 2799 ita
1330 2730 1474 2802 exaltari
1487 2738 1578 2827 upon

503 2869 529 2904 υ
547 2831 641 2901 Mors
655 2829 733 2905 uitae
748 2857 759 2915 3
779 2833 882 2903 immo
896 2879 907 2914 ‚
938 2829 1019 2921 quia
1067 2875 1092 2910 „
1107 2823 1268 2913 tetfilium
1282 2827 1444 2910 hominis,
1459 2843 1496 2899 ut
1509 2827 1578 2901 om?

503 2967 529 3003 υ
543 2926 611 2997 diei
642 2945 754 3019 potest
778 2977 789 3008 ,
817 2927 1020 3000 mirabiliter
1067 2972 1092 3008 ,‚
1106 2925 1181 3005 nis,
1207 2925 1266 3020 qui
1297 2927 1399 2996 credit
1418 2927 1452 2996 in
1469 2949 1576 3009 enm,

503 3064 528 3098 n
545 3024 672 3094 dicitur
698 3076 709 3097 .
751 3025 816 3095 Sed
846 3025 1013 3119 numquid
1062 3073 1088 3108 ‚,
1104 3045 1166 3093 nou
1178 3036 1306 3120 pereat,
1316 3026 1373 3095 sed
1391 3022 1510 3096 habeat
1523 3026 1578 3097 ui·

503 3163 528 3199 ,‚
543 3145 607 3190 non
626 3120 693 3193 erit
707 3122 902 3202 dicendum,
916 3126 1011 3218 quod
1063 3170 1087 3207 ‚2
1105 3136 1172 3191 tam
1187 3135 1340 3192 eternam
1355 3170 1365 3191 .
1388 3121 1578 3212 Quomodo

503 3259 528 3294 29
542 3218 608 3288 fuit
623 3219 812 3293 faciendum
828 3227 842 3292 Ρ
861 3222 935 3314 Ego
950 3224 1013 3293 du·
1063 3216 1159 3311 „qui
1173 3214 1498 3293 intuebanturillunr
1513 3241 1578 3290 ser·

501 3315 648 3394 „bitem
664 3320 801 3398 dicere,
828 3322 920 3412 quod
936 3319 1014 3389 Do·
1060 3330 1278 3407 „pentem‚
1319 3338 1385 3385 non
1422 3317 1576 3407 peribant

501 3414 650 3489 „minus
680 3439 744 3507 pro
774 3437 828 3485 me
862 3416 1019 3511 dignatus
1067 3413 1274 3500 „morsibus
1291 3431 1483 3504 serpentum
1502 3413 1575 3494 ‚sit

500 3552 526 3587 n
540 3529 590 3581 est
618 3514 757 3585 facere?
788 3513 917 3584 Nonne
945 3516 1018 3585 vita
1066 3560 1092 3597 „
1106 3509 1164 3602 qui
1181 3507 1353 3582 intuentur
1365 3510 1573 3585 fideChristi

498 3608 700 3683 „Christus
727 3616 742 3681 i
778 3632 812 3684 et
842 3627 953 3683 tamen
983 3612 1016 3685 in
1065 3657 1092 3694 „
1107 3625 1266 3691 mortem,
1285 3625 1576 3682 sananturamor·

498 3748 524 3783 υ
541 3707 657 3778 Cruce
674 3707 863 3782 Christus.
889 3710 1014 3783 Nonne
1062 3704 1195 3791 „sibus
1221 3722 1438 3799 peccatorum
1464 3755 1475 3776 .
1506 3707 1574 3782 Sed

496 3845 523 3881 2,
538 3803 608 3875 vita
628 3806 819 3879 Christus?
846 3825 881 3879 et
901 3827 1013 3882 tamen
1060 3853 1086 3892 22
1104 3800 1151 3873 illi
1168 3805 1573 3882 sanabanturamortead

495 3904 1011 3981 „mortuusestchristusSed
1060 3899 1204 3988 „vitam
1237 3898 1483 3996 temporalem:
1515 3902 1572 3975 hic

495 4041 521 4076 κ
537 4000 568 4071 in
598 4020 708 4073 morte
741 4004 873 4075 Christi
915 4028 1006 4076 mors
1054 4050 1082 4086 ,‚
1097 4015 1211 4072 autem
1225 4000 1297 4081 nit,
1317 3995 1572 4071 uthabeamvi·

496 4138 521 4173 υ
542 4120 675 4171 mortua
702 4121 751 4172 est
780 4130 790 4182 3
830 4101 909 4195 quia
935 4103 1015 4174 vite
1056 4147 1081 4184 ‚,
1098 4110 1358 4170 tamaeternam.
1384 4096 1462 4167 Hoc
1478 4097 1569 4171 enim

495 4236 521 4271 υ
534 4214 667 4267 mortua
694 4199 824 4272 occidit
839 4216 1008 4282 mortem,
1057 4192 1238 4281 „interest
1265 4196 1354 4268 inter·
1389 4194 1569 4287 figuratam

494 4332 521 4367 2,
535 4294 713 4383 plenitudo
727 4297 808 4368 vitae
823 4297 1008 4390 deglutivit
1055 4341 1081 4377 „
1097 4289 1289 4387 imaginem,
1303 4309 1337 4365 et
1354 4313 1425 4362 rem
1446 4292 1565 4382 ipsane

494 4413 679 4465 „mortem
709 4421 719 4464 e
761 4396 919 4486 absorpta
957 4412 1008 4468 est
1056 4389 1204 4485 „figura
1240 4389 1415 4483 prestabat
1459 4389 1564 4463 vitem

494 4525 521 4560 ss
540 4510 628 4557 rnors
644 4488 675 4559 in
693 4491 825 4564 Christi
841 4515 1007 4582 corpore.
1055 4537 1080 4571 ,‚
1094 4487 1337 4578 temporalem,
1351 4483 1497 4576 resipsa,
1511 4510 1565 4557 cu·

495 4623 520 4659 2,
536 4582 589 4653 Sic
604 4601 638 4655 et
657 4609 716 4657 nos
734 4588 883 4660 dicemus
900 4590 933 4660 in
955 4612 1007 4661 re·
1052 4584 1140 4668 „ius
1160 4583 1217 4657 illa
1231 4584 1338 4677 figura
1356 4595 1450 4663 erat,
1478 4607 1564 4676 ραι·

494 4720 519 4756 ,,
535 4683 764 4765 surrectione,
784 4690 918 4780 quando
936 4689 1003 4766 iam
1052 4731 1076 4765 η
1089 4697 1155 4753 stat
1169 4683 1275 4753 vitam
1290 4700 1447 4756 aeternam
1462 4726 1473 4748 .
1487 4728 1512 4762 ‚,

493 4819 519 4855 κ
530 4778 774 4872 triumphantes
784 4784 1004 4866 cantabimus,
1080 4786 1132 4869 (1)
1149 4779 1256 4853 Num·
1270 4806 1343 4855 xx1.
1360 4778 1394 4848 8·
1409 4798 1489 4872 stqr

491 4919 519 4955 1,
533 4876 591 4948 ubi
619 4894 669 4948 est
698 4902 790 4950 mors
830 4881 1001 4953 contentio
