4284 6125
822 1278 1253 1344 uxrncanrm
1477 1269 1567 1385 389

889 1425 1177 1524 CCXVIII.

873 1584 946 1642 DE
977 1580 1208 1642 Paulo

490 1788 492 1794 ι
625 1738 772 1820 Restat
800 1762 944 1832 nunc,
976 1758 1023 1819 ut
1040 1734 1090 1817 de
1109 1728 1237 1817 Pallio
1255 1726 1439 1817 dicamus
1458 1796 1472 1838 ,
1492 1763 1568 1852 per
1654 1740 1657 1747 ’

509 1852 620 1964 quod
651 1855 771 1940 simul
788 1877 1013 1964 utrumque
1040 1878 1083 1938 et
1102 1851 1482 1962 Superbumerale,
1523 1875 1571 1942 et

508 1971 729 2057 Rationale
769 1971 1025 2086 significatur
1061 2033 1071 2053 .
1127 1970 1240 2083 Quia
1279 1969 1391 2054 enim
1442 2004 1569 2089 super

504 2113 731 2204 utrumque
763 2089 979 2177 Pontificio
1011 2092 1226 2175 humerum
1253 2086 1392 2197 jacet,
1423 2093 1571 2209 Super-

503 2212 708 2296 bumerole
740 2208 921 2298 dicitur.
968 2209 1081 2323 Quia
1113 2207 1186 2322 (1)
1214 2234 1319 2292 vero
1364 2204 1462 2294 inde
1497 2217 1570 2298 de-

505 2330 707 2413 scendens
751 2327 795 2413 in
830 2328 924 2444 ipso
956 2324 1175 2415 Pontificis
1215 2351 1388 2438 pectore
1425 2327 1566 2443 jungi-

504 2469 572 2530 tur
589 2504 603 2546 ,
618 2446 833 2534 Rationale
853 2476 1026 2536 uocatur
1045 2511 1055 2530 .
1077 2446 1267 2530 Habebat
1286 2442 1398 2528 eninr
1420 2449 1566 2535 Aaron

505 2563 880 2680 Superbumerale,
914 2591 955 2653 et
974 2560 1230 2662 Rationale,
1257 2563 1332 2678 (a)
1368 2592 1463 2676 quae
1501 2596 1567 2656 ca·

504 2682 654 2769 tenulis
672 2686 809 2772 aureis
828 2684 950 2771 simul
973 2683 1284 2799 jungebantur.
1320 2683 1374 2766 Et
1411 2683 1568 2799 Super·

501 2803 708 2889 humerale
736 2804 905 2917 quidem
933 2807 984 2890 ab
1012 2803 1186 2887 humero
1205 2803 1404 2913 usquead
1425 2806 1567 2892 burne·

500 2949 592 3006 rum
610 2924 947 3008 extendebatur.
975 2919 1200 3008 Rationale
1228 2948 1334 3006 vero
1364 2925 1567 3035 quadran·

499 3040 639 3154 gulurn
663 3068 783 3138 erat,
813 3059 857 3126 et
874 3041 1061 3156 duplex,
1097 3040 1206 3129 sicut
1233 3061 1275 3127 et
1292 3038 1461 3127 Palliurn
1490 3046 1565 3131 du·

498 3155 594 3270 plex
613 3183 707 3245 est.
742 3162 937 3247 Habebat
965 3187 1104 3268 autent
1138 3185 1373 3244 mensuram
1402 3160 1565 3272 palmi,

498 3279 643 3362 tanrln
668 3277 931 3394 longitudine
950 3339 964 3379 ,
991 3308 1113 3393 quant
1130 3276 1176 3362 in
1193 3274 1414 3362 latitudine
1431 3336 1445 3375 ‚
1465 3305 1564 3390 quaa

497 3421 689 3481 mensura
709 3397 873 3508 pectori
889 3395 1110 3487 Pontificis
1130 3395 1319 3481 ornando
1339 3396 1440 3492 ‚uel
1460 3425 1564 3511 ope·

497 3510 646 3599 riendo
665 3513 908 3601 sufficeret.
944 3519 1080 3603 Habet
1107 3513 1236 3632 igitur
1252 3511 1423 3600 Palliurn
1450 3544 1566 3625 enm·¹

496 3631 591 3715 dern
611 3663 705 3719 curn
724 3632 1063 3746 Superbumerali
1082 3696 1096 3736 ,
1115 3658 1157 3719 et
1174 3629 1385 3718 Rationali
1404 3632 1562 3743 signifi-

495 3746 706 3837 cationem
732 3813 747 3851 ,
774 3753 849 3869 (3)
880 3756 1070 3865 quamvis
1097 3754 1283 3840 eamdem
1302 3780 1389 3841 non
1412 3754 1564 3842 habeat

494 3870 851 3987 compositionem
868 3874 969 3990 (4).
1357 3921 1360 3926 -

1182 3989 1318 4105 Bb3

517 4158 570 4242 (1)
586 4155 798 4254 Acbqrrod.
1052 4155 1253 4231 Consularis
1285 4156 1387 4227 fuisse
1411 4176 1552 4247 usurpa·

516 4255 569 4337 (2)
584 4253 665 4324 Haec
681 4260 787 4327 verba
813 4279 883 4353 que
904 4273 990 4328 cate·
1050 4274 1124 4328 tum
1153 4255 1274 4346 probat
1291 4252 1489 4346 Ducangiur
1516 4251 1554 4324 in

493 4345 580 4415 nulls
594 4366 656 4419 ert.
674 4351 901 4447 jungebantur
920 4358 982 4427 de·
1050 4351 1166 4424 Gloss.
1186 4351 1346 4422 Tom.1l.
1373 4350 1462 4421 Edit.
1489 4349 1551 4419 Pa·

491 4462 568 4514 sunt
585 4451 673 4537 apud
690 4450 903 4525 Acherium.
1041 4450 1408 4526 -risaonacaxxvnr,
1441 4449 1550 4517 verbo

481 4579 486 4586 ·
525 4548 578 4629 (3)
594 4545 706 4617 Verba
735 4551 805 4618 haec
835 4549 867 4619 in
897 4549 989 4625 Edit.
1050 4554 1198 4631 Lotum,
1226 4563 1260 4615 et
1287 4544 1479 4615 inDisstrt.
1507 4545 1549 4611 dt

491 4633 580 4708 Ven.
592 4660 626 4711 et
638 4643 725 4714 Lud.
738 4646 989 4719 desiderantur.
1049 4647 1225 4736 Numine.
1264 4643 1453 4736 posterioris
1482 4637 1548 4710 aent‘

516 4741 569 4830 (4)
586 4738 831 4833 Episcopomm
843 4743 989 4818 Pallium
1051 4766 1198 4821 nurnvr.
1226 4738 1549 4845 Torn.1rl.pag.·4.

489 4836 532 4906 ad
571 4833 829 4911 similitudinem
880 4842 991 4917 fasciae
1049 4838 1108 4912 De
1137 4870 1182 4923 eo
1220 4837 1374 4937 pluribus
1415 4835 1549 4904 erudite
