4284 6125
597 1297 682 1384 118
831 1313 1098 1376 mvtuonuut
1120 1314 1406 1377 oenomaum

592 1441 684 1533 gem
715 1402 803 1493 Dei
830 1405 1033 1502 recitari,
1080 1404 1386 1520 interrogamus
1419 1403 1645 1539 magistros

592 1552 805 1619 nostros,
839 1523 1018 1632 quidest
1051 1520 1174 1607 hoc?
1208 1524 1343 1607 Habet
1379 1523 1491 1608 enim
1518 1554 1560 1608 1n
1600 1555 1648 1610 se

591 1641 746 1754 aliquid
767 1639 894 1724 oleris
927 1701 940 1739 ,
973 1668 1057 1751 quo
1091 1637 1243 1727 nutriti
1279 1643 1467 1728 infirmus
1487 1641 1647 1757 polilt:

587 1760 673 1872 Qui
694 1757 768 1876 (1)
788 1759 894 1845 enim
922 1759 1112 1872 infirmus
1143 1781 1235 1858 est,
1267 1765 1375 1848 oleru
1397 1767 1642 1847 manducet.

587 1882 728 1967 Habet
744 1874 902 1991 aliquid
921 1877 1073 1996 rigoris
1093 1939 1107 1978 ‚
1138 1902 1179 1964 et
1197 1878 1294 1965 ideo
1316 1902 1361 1964 ut
1379 1880 1530 1994 pruina
1551 1902 1613 1965 est
1634 1943 1645 1965 .

588 1997 705 2114 Quid
725 2023 787 2083 est
807 2010 947 2083 autern
964 2057 979 2097 ,
996 2001 1110 2110 quod
1128 1995 1173 2082 in
1192 1997 1259 2083 die
1280 2025 1400 2085 sexto
1418 2001 1497 2084 hoc
1521 1999 1647 2098 Man·

589 2149 644 2207 nu
669 2116 841 2231 duplum
858 2114 1029 2226 jubetur
1050 2114 1229 2232 colligi?
1262 2117 1344 2205 Sex
1366 2116 1479 2202 enim
1499 2116 1648 2203 diebus

588 2236 689 2327 fecit
707 2234 919 2323 Dominus
940 2239 1050 2325 hunc
1069 2235 1270 2321 mundum
1289 2269 1302 2340 3
1340 2238 1426 2325 llac
1456 2264 1555 2351 ergo
1575 2233 1647 2320 die

589 2379 752 2442 tanturn
779 2357 1013 2442 recondere
1046 2357 1281 2463 debemus,
1313 2351 1646 2470 quantumsuffi·

589 2472 672 2562 ciat
701 2474 745 2560 in
784 2472 926 2561 futuro
955 2473 1052 2561 die.
1094 2472 1138 2580 Si
1169 2474 1270 2586 quid
1307 2476 1418 2586 enim
1454 2471 1518 2559 hic
1539 2468 1645 2557 boni

590 2591 734 2707 operis
749 2594 960 2705 acquiras,
978 2595 1057 2684 hoc
1080 2590 1160 2679 tibi
1180 2591 1224 2680 in
1244 2592 1387 2680 luturo
1406 2592 1544 2679 seculo
1564 2587 1648 2675 erit

590 2711 749 2803 cibus:
780 2712 906 2821 Quod
939 2714 1013 2832 (2)
1048 2709 1465 2833 nutemzfeminnverit
1492 2711 1646 2808 domo,
1711 2707 1714 2714 ’

587 2935 1092 3030 „naenimoperafactaprop-
1139 2955 1374 3030 „susceptum
1407 2933 1551 3004 verbum
1570 2929 1642 3000 Dei

588 3078 613 3112 ‚,
629 3050 681 3104 ter
696 3033 845 3105 futuram
873 3036 1024 3130 requiem
1054 3036 1089 3106 in
1139 3088 1163 3122 ‚,
1180 3052 1309 3132 peccat,
1323 3031 1470 3106 efficitur
1486 3029 1517 3100 ei
1533 3028 1647 3138 ipsun}

585 3131 744 3208 „futuro
784 3133 899 3205 seculo
960 3158 1096 3229 perma-
1143 3186 1168 3219 „
1182 3137 1325 3206 verbum
1343 3132 1410 3204 Dei
1428 3130 1565 3210 vermis,
1581 3149 1641 3218 qut

587 3249 613 3310 ⁴„
633 3247 734 3301 nent.
750 3228 823 3328 Qui
841 3257 927 3306 vero
942 3230 1094 3310 infideles
1143 3284 1167 3319 ‚,
1182 3225 1647 3325 ejussemperconseientiam

584 3344 614 3408 3,
631 3348 762 3412 erant,
796 3349 830 3402 et
863 3354 986 3426 praeter
1015 3356 1096 3404 cau·
1142 3334 1314 3417 „lodiat,
1345 3340 1649 3426 etareanapecto·

588 3470 614 3506 „
629 3449 698 3497 sam
711 3425 846 3499 Sabbali
859 3437 1037 3505 seruabant
1050 3434 1092 3503 de
1144 3483 1171 3516 ‚‚
1188 3434 1234 3504 ris
1249 3434 1364 3503 rodat.
1379 3428 1598 3531 Quamquant
1615 3434 1649 3487 et

588 3525 754 3601 „Manna
781 3571 792 3604 ,
814 3528 1026 3598 ebulliebant
1049 3552 1093 3597 ex
1142 3550 1174 3611 „·
1182 3529 1310 3600 vermis
1325 3528 1370 3597 sit
1383 3524 1557 3596 Christus,
1571 3538 1646 3605 ιρεο

585 3660 610 3696 n
626 3639 668 3683 το
683 3636 1094 3712 vt1'111082etcotnputree·⁴
1140 3622 1351 3712 „loquente
1372 3650 1383 3687 ε
1429 3619 1501 3704 Ego
1531 3627 1644 3679 autem

586 3758 612 3793 „
627 3709 812 3789 'scebatSic
826 3730 861 3781 et
873 3712 934 3802 ¹qui
951 3730 1096 3803 propter
1145 3762 1171 3795 „
1189 3738 1264 3783 sum
1279 3712 1430 3787 vermis,
1455 3726 1490 3776 et
1504 3728 1569 3774 nnn
1585 3706 1646 3771 ho-

588 3829 613 3893 ',‚
630 3809 831 3903 ptuesentetn
848 3808 980 3890 vitam,
999 3827 1034 3879 et
1056 3830 1095 3876 a·
1142 3855 1168 3891 ‚‚
1186 3831 1255 3878 mo.
1271 3807 1369 3877 Sicut
1383 3802 1472 3873 enim
1485 3803 1557 3893 ipse
1571 3799 1645 3876 aliis

586 3953 613 3991 „
629 3930 757 3979 morem
794 3906 903 3980 seculi
931 3905 1099 3977 thesauri·
1144 3954 1169 3990 „
1186 3905 1219 3976 in
1233 3904 1362 3974 ruinam
1376 3950 1387 3982 ,
1403 3899 1477 3971 aliis
1495 3899 1527 3969 in
1542 3922 1665 3969 resur·-

587 4052 612 4088 „
629 4005 772 4084 zant,his
788 4004 838 4075 illi
853 4027 987 4076 vermes
1003 4001 1098 4073 ebul·
1144 4001 1369 4086 „sectionem
1386 4024 1396 4082 3
1414 3998 1459 4069 ita
1476 3998 1596 4089 etipse
1613 3997 1648 4067 in

589 4097 614 4184 ‚',
630 4100 717 4173 liunt
730 4149 741 4182 ,
755 4101 814 4194 qui
825 4125 1003 4194 nunquam
1021 4125 1096 4172 mo·
1145 4106 1169 4185 ,’,
1186 4100 1311 4173 Munna
1336 4097 1494 4169 fidelibus
1508 4095 1648 4188 quidem

587 4246 612 4283 ‚,
630 4198 783 4269 rientur.
818 4200 878 4270 lsti
905 4219 984 4270 sunt
1016 4223 1096 4269 ver·
1143 4198 1333 4284 „dulcedo
1351 4194 1484 4275 mellis,
1511 4192 1650 4266 infideli·

587 4343 613 4378 ‚‚
629 4319 724 4378 mes,
750 4321 837 4389 quos
852 4318 992 4391 generat
1018 4322 1097 4368 ava·
1145 4349 1171 4383 „
1186 4301 1250 4370 b'us
1265 4294 1392 4365 vermis
1412 4292 1598 4372 efficitur„
1614 4337 1629 4357 .

589 4393 724 4475 „·titia,
739 4413 774 4464 et
789 4395 989 4467 divitiarum
1007 4419 1095 4467 caeca
1169 4404 1223 4488 (1)
1243 4395 1345 4465 Rom.
1362 4414 1488 4463 x1v12.
1503 4389 1577 4476 Qu·
1590 4410 1651 4460 au·

588 4491 799 4583 „cupiditas
817 4492 880 4576 his,
894 4494 953 4586 qui
969 4497 1094 4565 habent
1145 4510 1209 4564 tem
1221 4489 1372 4574 infirmus
1388 4505 1458 4569 est,
1474 4488 1546 4557 olus
1561 4507 1651 4556 man-

588 4589 1092 4680 45³pecunias‚et.videntesin
1144 4596 1265 4663 ducetz
1314 4616 1315 4619 ¹
1640 4631 1649 4648 ‹-

587 4732 613 4767 ,‚
631 4688 830 4758 necessitate
862 4689 983 4760 fratres
1004 4714 1095 4760 ¹suos
1165 4725 1170 4734 ·
1195 4699 1250 4780 (α)
1269 4686 1459 4757 Galat.v1.
1490 4684 1524 4751 8.
1566 4682 1651 4763 Qae

589 4783 794 4865 „claudunt
823 4788 936 4859 abeis
964 4786 1096 4857 viscera
1146 4792 1232 4859 enim
1272 4782 1490 4856 seminaverit
1526 4777 1651 4854 homo,

467 4963 469 4972 ,
592 4877 991 4982 „suasted'et—isfqui
1018 4902 1098 4979 post
1147 4888 1396 4962 hecetmetet.
1437 4885 1439 4891 ’
