4284 6125
1607 1456 3139 1564 Eer1cA’r100'277

991 1591 1100 1682 go
1137 1556 1505 1657 vineam,
1543 1560 1701 1647 hoc
1740 1587 1898 1660 est,
1932 1560 2385 1672 populum,
2417 1553 2610 1669 quia
2642 1558 2949 1648 vineam
2992 1567 3146 1685 (1)

986 1715 1094 1771 ex
1131 1685 1483 1799 AEgypto
1535 1681 2100 1767 transtulisti:
2147 1679 2246 1762 Et
2304 1677 2598 1791 utique
2665 1687 3069 1796 populum
3110 1742 3146 1786 ,

988 1832 1169 1888 non
1213 1803 1542 1886 vineam
1603 1829 1703 1884 ex
1755 1799 2127 1915 AEgypto
2195 1799 2788 1884 transtulerat.
2859 1805 2951 1886 In
2992 1806 3144 1892 hac

987 1920 1245 2006 vinea
1296 1918 1710 2033 plantavit
1777 1920 2085 2021 ficum3
2168 1919 2328 2003 hoc
2398 1943 2590 2015 est,
2654 1918 2741 2002 in
2818 1924 3144 2055 populo

993 2066 1146 2126 suo
1205 2037 1612 2150 plantavit
1691 2039 1955 2153 legem
2023 2094 2052 2134 ,
2147 2064 2336 2147 quae
2414 2035 2541 2122 lex
2605 2039 3146 2150 primitivum¹

989 2159 1399 2272 populum
1438 2216 1465 2256 ,
1517 2158 1747 2242 velut
1789 2159 1986 2243 ficus
2045 2183 2382 2288 grossos
2425 2154 2768 2256 aridos,
2834 2181 2917 2241 et
2955 2158 3148 2249 inu-

989 2278 1181 2362 tiles
1244 2276 1627 2376 deserit,
1694 2298 1779 2360 et
1815 2294 2108 2389 postea
2173 2271 2377 2359 alios
2416 2272 2736 2361 fructus
2797 2306 3147 2394 genera-⁶

992 2395 1182 2491 vit,
1242 2396 1400 2480 hoc
1478 2415 1674 2493 est,
1738 2395 2140 2508 populum
2179 2390 2824 2494 Christianum,
2889 2426 3147 2511 quern

993 2518 1092 2599 ad
1149 2511 1685 2647 Evangelicae
1739 2511 2215 2627 disciplinae
2297 2512 2859 2598 maturitatem
2931 2548 2976 2614 ,·
3052 2515 3147 2605 δι

994 2630 1565 2719 suavissimam
1607 2631 2212 2747 pinguedinem
2250 2629 2576 2715 Christi
2620 2662 2804 2717 cum
2846 2636 2918 2751 gl
2990 2665 3149 2738 ria,

990 2771 1078 2837 et
1129 2754 1460 2839 honore
1511 2749 1963 2866 perduxit.
2035 2749 2201 2832 Sed
2238 2747 2437 2834 vitis
2479 2748 2754 2836 noluit
2794 2663 3147 2872 regfflare

990 2870 1171 2958 eis,
1243 2871 1471 2960 Vitis
1507 2894 1785 2958 autern
1823 2866 2284 2958 Salvatoris
2345 2868 2615 2955 nostri
2661 2892 2948 2985 typum
3027 2901 3152 2962 te-

984 3011 1134 3076 net
1206 3021 1231 3095 ;
1305 2989 1520 3080 sicut
1576 2989 1758 3105 ipse
1825 2988 1913 3075 in
1964 2985 2435 3102 Evangelio
2497 2987 2612 3076 ait
2663 2993 2890 3110 (2)·
2959 2995 3146 3114 Ego

983 3139 1159 3195 sum
1202 3111 1389 3195 vitis
1424 3140 1677 3198 vera.
1746 3107 2008 3226 Igitur
2074 3107 2271 3221 quia
2321 3103 2482 3218 iam
2533 3108 2623 3195 in
2681 3116 3150 3225 reprobum

988 3257 1323 3313 sensum
1363 3288 1392 3327 ,
1452 3229 1675 3318 sicut
1712 3227 1834 3313 ait
1876 3226 2416 3361 Apostolus,
2465 3225 2792 3316 futurus
2833 3254 2957 3316 est
2993 3260 3147 3344 po-

982 3345 1229 3460 pulus
1292 3346 1432 3432 ille
1492 3409 1522 3447 ‚
1610 3348 1753 3461 qui
1806 3343 2348 3435 Antichristo
2414 3366 2540 3430 est
2608 3346 3149 3455 serviturus,'

981 3493 1235 3577 quem
1288 3463 1509 3581 ligna
1575 3465 2001 3582 appellat,
2062 3488 2150 3550 et
2199 3491 2541 3550 necesse
2580 3489 2769 3566 est,
2834 3491 2924 3553 ut
2961 3498 3147 3558 cre-

980 3587 1117 3669 dat
1165 3586 1670 3685 mendacio,
1702 3585 1987 3686 idest,
2047 3578 2653 3681 Antichristo,
2722 3587 2866 3700 qui
2909 3584 3140 3674 veri-

980 3703 1129 3789 tati
1175 3704 1529 3791 Christo
1582 3704 1858 3793 noluit
1927 3706 2338 3801 credere,
2398 3727 2488 3787 et
2549 3704 2743 3790 ideo
2793 3735 2837 3793 a
2874 3735 3146 3822 regno

978 3822 1248 3924 vitis,
1315 3826 1475 3911 hoc
1532 3847 1663 3911 est
1731 3885 1760 3926 ,
1821 3822 2217 3910 Christi·
2195 3889 2221 3925 ,
2280 3842 2366 3908 et
2439 3821 2540 3906 ab
2612 3820 2902 3923 oliva,
2968 3828 3135 3919 hoc

973 3966 1169 4041 est,
1237 3941 1610 4057 Spiritus
1652 3941 1942 4031 Sancti
1977 3940 2306 4061 gratia3
2361 3958 2447 4027 et
2484 3940 2644 4028 ficu
2676 4001 2707 4041 ,
2771 3944 2930 4030 hoc
2971 3967 3144 4051 esr,·

968 4062 1322 4149 Divinae
1425 4063 1627 4179 legis
1725 4063 2173 4150 dulcedine
2267 4063 2766 4173 reprobatus
2807 4121 2836 4161 ,
2895 4069 3143 4156 venit

969 4185 1068 4265 ad
1133 4184 1665 4269 rhamnum.
1736 4185 2172 4270 Rhamnus
2238 4207 2364 4266 est
2408 4207 2667 4295 genus
2713 4181 2900 4266 rubi
2975 4186 3133 4304 (3)

966 4329 1349 4410 asperum
1394 4301 1637 4389 nimis
1692 4363 1720 4401 ,
1791 4328 1875 4387 et
1912 4301 2417 4416 spinosum,
2478 4328 2634 4414 per
2685 4301 2907 4411 quod
2949 4330 3129 4388 me-

965 4417 1138 4502 rito
1201 4442 1449 4533 typus
1495 4421 2001 4509 Antichristi
2040 4418 2632 4536 significatur,
2696 4417 2840 4528 qui
2878 4420 3119 4514 omni

957 4539 1413 4649 asperitate
1476 4541 1926 4629 humanum
1960 4567 2223 4660 genus
2282 4560 2407 4629 est
2437 4559 2973 4625 vastaturus

2398 4656 2568 4770 33

1007 4830 1116 4912 (1)
1148 4824 1323 4895 Psal.
1376 4851 1713 4925 txx11.9.
1768 4831 1984 4928 Vulg.
2125 4838 2243 4924 (2)
2273 4831 2544 4916 Joannis
2577 4852 2725 4921 cap.
2730 4852 2846 4902 xv.
2880 4775 3143 4912 ver-14¹⁵

957 4922 1038 4997 de
1067 4933 1430 5018 noegypto.
1567 5003 1574 5010 ,
2001 4983 2007 4988 .
2127 4938 2237 5023 (3)
2275 4930 2462 5002 Cod.
2497 4926 2666 5015 Rubi
2692 4974 2716 4999 .
