4284 6125
733 1362 1174 1435 BxPLchT10.'
1397 1375 1479 1463 521

450 1474 528 1563 ies
552 1466 734 1590 gloriae‘l
769 1464 967 1554 Dominus
987 1459 1146 1572 fortis,
1177 1480 1217 1549 et
1244 1483 1388 1577 potens
1405 1474 1490 1558 Do·

450 1592 720 1705 minuspotens
734 1587 773 1671 in
786 1584 956 1703 prelio.
992 1582 1043 1668 Et
1065 1607 1226 1687 rursum
1255 1584 1360 1698 (r).
1409 1591 1493 1675 Do-

450 1698 569 1797 ninus
591 1707 780 1794 virtutum
798 1706 882 1822 ipse
902 1722 962 1790 est
990 1702 1083 1786 Rex
1101 1697 1279 1819 gloriae.
1312 1705 1387 1791 Per
1407 1707 1493 1794 Dei
1559 1744 1561 1748 ¹

450 1859 535 1947 ergo
552 1824 844 1913 fortitudinem
870 1817 1123 1905 nuntiandus
1143 1839 1261 1916 erat,
1295 1822 1389 1931 quia
1410 1827 1495 1914 vit·

453 1965 568 2033 utum
590 1939 802 2030 Dominus
831 2001 845 2040 ,
879 1962 919 2022 et
940 1961 1090 2052 potens
1118 1935 1163 2022 in
1185 1935 1332 2049 praelio
1350 1966 1499 2034 contra

450 2086 669 2152 >otestates
699 2089 837 2147 aereas
854 2058 903 2142 ad
925 2055 1027 2144 bella
1048 2053 1246 2144 veniebat
1268 2117 1276 2139 .
1313 2060 1499 2174 Raphael

450 2167 605 2301 ¹{troque
640 2181 971 2293 interpretatur,
1001 2200 1046 2260 ut
1072 2173 1278 2277 diximus,
1301 2179 1495 2270 medicina

450 2301 512 2407 Dei
531 2361 545 2400 ,
573 2296 670 2408 quia
684 2294 882 2393 uidelicet
902 2297 998 2380 dum
1018 2294 1170 2381 Tobiae
1188 2294 1331 2383 oculos
1348 2358 1362 2397 ,
1380 2300 1498 2412 quasi

450 2449 512 2508 rer
533 2404 718 2505 officium
753 2408 985 2509 curationis
1012 2410 1182 2528 tetigit,
1216 2416 1418 2507 caecitatis
1438 2440 1500 2506 te·

450 2540 588 2625 tebras
623 2535 746 2628 traxit
779 2536 895 2652 (2).
940 2530 1027 2650 Qui
1067 2560 1168 2645 ergo
1195 2537 1244 2620 ad
1271 2539 1498 2625 curandum

450 2648 657 2755 mittitur,
698 2654 867 2771 dignum
901 2648 1228 2752 videlicetfuit,
1256 2676 1302 2738 ut
1330 2655 1408 2744 Dei
1420 2690 1503 2747 me·

450 2765 568 2862 licina
587 2796 840 2867 vocaretur.
881 2768 1031 2855 Turoni
1061 2795 1230 2881 quoque
1254 2769 1322 2858 illa
1338 2776 1502 2893 agmina

450 2916 533 2980 runt
554 2914 734 2992 vocata,
765 2889 916 3006 quibus
936 2889 983 2973 ad
1005 2892 1281 2976 exercendum
1299 2888 1502 3002 judicium

450 3039 602 3126 temper
635 3006 750 3118 Deus
781 3006 1054 3122 omnipotens
1086 3007 1286 3122 praesidet
1328 3074 1339 3096 .
1388 3015 1502 3135 Quia

450 3127 552 3214 enim
588 3130 763 3215 thronus
795 3125 925 3213 latino
964 3126 1136 3240 eloquio
1167 3134 1279 3215 sedes
1313 3132 1501 3237 dicitur,

450 3246 604 3335 l'lrroni
650 3238 736 3332 Dei
770 3270 866 3333 sunt
897 3244 967 3345 ii,
999 3247 1070 3359 qui
1102 3270 1214 3334 tanta
1247 3248 1502 3341 Divinitatis

450 3366 570 3484 gratia
598 3369 812 3481 replentur
832 3424 846 3463 ,
876 3388 922 3449 ut
953 3363 997 3449 in
1025 3363 1084 3450 eis
1103 3362 1315 3452 Dominus
1333 3371 1471 3457 sedeat
1491 3403 1525 3475 ;·

450 3509 481 3570 et
499 3516 573 3604 per
599 3514 673 3572 eos
705 3516 775 3573 sua
793 3474 947 3593 iudicia
970 3482 1167 3570 decernat
1187 3514 1201 3586 ;
1236 3485 1407 3575 undeet
1427 3519 1504 3605 per

450 3603 695 3716 Psalmistam
712 3602 950 3720 dicitur(3)
967 3630 979 3686 r
995 3601 1116 3688 Sedes
1139 3631 1259 3716 super
1281 3608 1468 3695 tlrronum
1490 3670 1504 3708 ,

450 3717 512 3840 rui
531 3722 698 3837 judicos
725 3723 957 3839 aequitatem
986 3784 997 3807 .
1031 3719 1337 3810 Dominotiones
1365 3754 1505 3814 autem

450 3865 684 3942 vocantur,
716 3843 788 3957 qui
816 3839 942 3930 etiam
974 3861 1205 3955 potestates
1221 3838 1506 3959 principatum

450 3959 782 4076 dissimilitudine
800 3960 879 4047 alta
914 3960 1246 4066 transcendunt3
1278 3961 1386 4050 Nam
1395 3966 1510 4080 prin-

450 4079 480 4167 ri
504 4082 568 4167 ori
601 4106 666 4168 est
694 4082 806 4168 inter
835 4076 1016 4193 reliquos
1052 4075 1239 4192 priorem
1275 4082 1455 4170 existere
1490 4148 1504 4172 .

450 4113 658 4287 {liminari
688 4229 793 4288 vero
822 4223 884 4286 est
911 4196 1036 4284 etiam
1071 4193 1285 4308 subjectos
1317 4231 1509 4315 quosque

450 4317 661 4429 possidere
680 4385 691 4408 .
724 4320 784 4407 Ea
800 4347 901 4434 ergo
919 4316 1179 4435 Angelorum
1197 4319 1387 4436 agmina,
1412 4351 1509 4432 quae

450 4432 549 4520 mira
566 4439 755 4552 potentia
781 4436 1092 4555 praeeminent,
1122 4465 1203 4552 pro
1232 4437 1420 4553 eoquod
1447 4439 1508 4527 eis

451 4639 455 4648 “
471 4643 528 4729 (1)
542 4639 629 4715 Psal.
644 4646 722 4716 eod.
738 4631 877 4715 verno:
998 4642 1087 4713 siod.
1102 4637 1291 4734 Vulgrvero
1317 4644 1434 4714 Sedirtr‘
1451 4665 1510 4712 arr·

472 4744 525 4822 (2)
544 4738 577 4807 S.
594 4742 784 4834 Gregorius
800 4739 865 4812 loc.
884 4738 944 4809 cit.
994 4754 1058 4836 per
1084 4737 1264 4820 thronum,
1295 4741 1355 4836 qui
1379 4741 1511 4827 iudicat

450 4831 594 4906 tenebras
610 4840 725 4911 terris.
999 4837 1166 4921 iustitiam
1182 4883 1194 4911 .

465 4937 523 5034 ⁸(3)
538 4931 628 5007 Psal.
645 4958 700 5010 tx.
732 4952 764 5023 ς.
787 4936 839 5008 lta
855 4934 944 5009 cn-
