4284 6125
858 1366 1297 1435 exenterato.
1353 1387 1358 1394 ·
1518 1380 1557 1461 2:

891 1550 1242 1694 cxxxvrt

667 1788 731 1850 nn
762 1784 940 1882 onrtcro
971 1784 1128 1843 animm
1156 1784 1398 1844 nornnucm
1428 1787 1482 1846 ns

899 1903 1253 1996 ouaonncusrmn

653 2058 749 2151 Istis
770 2059 972 2147 hactenus
991 2056 1042 2142 de
1061 2054 1421 2174 Quadragesima,
1452 2081 1495 2144 et
1528 2061 1557 2174 e}

535 2180 724 2273 termino
758 2173 915 2274 dictis,
946 2176 998 2261 de
1022 2175 1166 2263 officio
1201 2177 1351 2291 primae
1368 2178 1557 2268 Domini<

534 2302 755 2391 dicamus.
792 2296 930 2382 Miser
952 2291 1160 2409 siquidem
1177 2292 1248 2381 itte
1279 2297 1546 2411 expoliatus,

535 2423 783 2509 vulneratus
801 2412 904 2530 ,qui
928 2412 1098 2503 dixerat
1121 2445 1134 2501 ε
1152 2414 1508 2507 Circumdederunt
1522 2453 1557 2507 m

536 2539 583 2629 δι
606 2541 811 2659 Exurge,
847 2534 890 2623 ἃ
910 2535 1012 2622 Esto
1030 2534 1127 2620 milti
1144 2592 1158 2633 ,
1178 2534 1334 2625 tamdiu
1353 2537 1547 2626 clamavit

538 2658 757 2747 dominum
793 2651 1099 2744 samaritanum
1115 2652 1219 2772 (1);
1245 2658 1358 2769 quod
1376 2656 1557 2748 misericr

537 2782 605 2869 dia
632 2801 771 2867 motus
788 2771 1154 2890 appropinquavit
1182 2834 1197 2873 ,
1227 2797 1437 2893 assumpta
1456 2808 1556 2868 carn

534 2923 583 2988 ut
599 2902 772 2987 vulnera
791 2895 979 3012 alligaret
998 2950 1013 2994 ,
1047 2912 1089 2979 et
1109 2890 1155 2981 in
1182 2890 1374 3002 jumento
1390 2928 1466 2987 suo
1481 2897 1557 3014 imp

535 3042 689 3110 neret.
721 3016 851 3154 Quod
886 3044 983 3105 cum
1012 3010 1190 3100 ordines
1201 3014 1463 3133 Angelorum
1494 3020 1557 3105 mi:

538 3166 685 3226 rentur
704 3199 719 3238 ,
751 3159 868 3249 Juxta
892 3135 1006 3247 quod
1024 3132 1182 3222 dicitur
1203 3166 1215 3220 ι
1248 3136 1419 3224 Ordines
1436 3136 1556 3258 Ange

536 3290 627 3346 rum
645 3256 823 3344 videntes
838 3252 1075 3343 invisibilem
1093 3254 1310 3345 venientem
1326 3255 1368 3341 in
1384 3258 1503 3373 aquis
1521 3316 1535 3356 ,

536 3408 649 3464 more
676 3373 878 3492 perterriti
902 3379 1214 3463 clnnraverunr:
1248 3381 1454 3493 quomodo
1479 3374 1557 3464 iniri

537 3494 630 3582 bilis
652 3496 765 3581 Deus
767 3494 917 3607 fideles
930 3524 1028 3582 suos
1043 3494 1257 3611 suscepit?
1285 3523 1408 3597 cum,
1427 3493 1554 3609 inqua

538 3616 621 3702 hoc
641 3615 930 3715 mirarentur,
960 3643 1146 3732 congrua
1175 3643 1250 3729 per
1271 3610 1391 3724 hujus
1416 3614 1504 3703 diei
1526 3647 1557 3703 01

537 3733 650 3823 cium
671 3732 838 3821 videtur
858 3737 1108 3849 responsio,
1124 3764 1217 3824 cum
1238 3763 1288 3821 ex
1305 3764 1377 3822 sua
1395 3764 1504 3822 voce
1522 3766 1557 3823 ca

537 3876 683 3942 tatur:
714 3854 921 3942 inuocauit
950 3858 1023 3972 (2)
1040 3885 1137 3952 me,
1170 3856 1216 3950 ir
1231 3884 1346 3975 eg03
1379 3852 1495 3967 quasi
1515 3914 1529 3954 ,

534 3970 784 4073 miremini,
818 3978 930 4085 quod
948 3976 1125 4060 formam
1143 3976 1257 4060 servi
1283 3974 1449 4089 suscepi
1469 4035 1484 4075 ,
1516 4003 1557 4088 qr

534 4122 586 4182 ex
606 4094 694 4181 sola
714 4090 1004 4181 misericordia
1025 4095 1134 4180 hunc
1156 4094 1454 4193 vulneratum,
1486 4095 1557 4180 incr

534 4213 746 4301 mabiliter
767 4214 939 4300 vulnera
961 4214 1290 4311 ostendentem,
1323 4212 1557 4300 medicumr

536 4356 820 4445 precantem,
854 4355 894 4418 et
923 4334 1157 4422 laudantem
1181 4396 1192 4431 .
1227 4333 1399 4417 stultum
1418 4363 1466 4418 se
1495 4362 1557 4418 acc

537 4473 728 4555 santem,
767 4449 932 4565 jamque
968 4482 1061 4539 cum
1098 4450 1289 4537 hostibus
1322 4447 1557 4538 ecriterdir

538 4592 701 4659 cantem
725 4571 809 4692 (3)
842 4571 1036 4689 respexit
1054 4571 1230 4660 vocavit
1248 4598 1315 4655 me
1334 4568 1378 4654 in
1396 4568 1554 4657 auxilio

564 4752 619 4835 (1)
634 4747 733 4821 Lucae
749 4779 782 4826 x.
797 4776 934 4844 ver.33.
957 4777 1051 4848 seqq.
1128 4756 1182 4843 (3)
1200 4747 1294 4832 qu.
1325 4746 1419 4820 add-it
1444 4760 1501 4827 et,
1525 4768 1557 4838 qt

565 4851 621 4932 (²)
640 4843 689 4915 Ex
715 4848 802 4922 Psal.
819 4875 879 4924 xc.
909 4874 984 4924 ver.
998 4872 1053 4938 ις.
1105 4867 1394 4943 supervacaneum
1404 4857 1482 4934 cste

542 4937 713 5049 clamabit
736 4948 778 5019 ed
796 4971 874 5037 sue,
891 4965 1000 5042 eergo
1017 4971 1043 5052 ·]·
1341 4973 1346 4978 .
1454 4943 1463 4971 .-
