4284 6125
537 1338 623 1426 304
790 1328 1057 1403 nrvruonutt
1083 1334 1379 1403 orrrcronurn

545 1430 744 1548 gnificat,
764 1434 876 1543 quod
895 1433 975 1519 ima
995 1493 1009 1532 ,
1041 1432 1123 1521 boc
1142 1456 1237 1534 est,
1268 1430 1488 1523 terrestria
1505 1430 1625 1523 caele-¹

545 1550 678 1635 stibus
696 1546 925 1666 junguntur
951 1578 1026 1667 per
1051 1550 1342 1667 baptismum.
1377 1556 1618 1669 Resurgens

543 1671 657 1752 enim
693 1669 887 1757 Christus
921 1698 977 1761 ex
1002 1665 1228 1771 mortuis,
1259 1668 1302 1759 dl
1334 1668 1618 1771 insufflando,

544 1787 751 1903 Spiritum
769 1790 966 1876 Sanctum
986 1788 1102 1905 dedit
1125 1788 1377 1906 Apostolis.
1411 1790 1465 1877 Et
1490 1787 1537 1877 in
1555 1788 1620 1875 die

541 1912 814 1996 Pentecostes
833 1906 1015 2024 Spiritus
1048 1908 1226 1999 Sanctus
1261 1908 1307 1996 io
1338 1907 1435 2027 igne
1471 1907 1533 1999 eis
1550 1936 1625 2023 αρε

543 2027 682 2145 paruit
702 2059 714 2113 τ
748 2026 811 2113 bis
842 2026 956 2111 enim
991 2046 1055 2113 est
1072 2028 1190 2115 datus
1207 2024 1393 2143 Spiritus
1411 2026 1619 2126 Sanctus,

540 2173 589 2235 ut
607 2147 802 2263 diligatur
823 2147 972 2243 Deus,
1002 2168 1047 2231 et
1080 2144 1330 2261 proximus.
1363 2148 1520 2233 Postea
1552 2148 1620 2231 ba·

540 2264 748 2383 ptizandi,
767 2267 818 2350 de
841 2265 936 2350 oleo
956 2264 1200 2353 exorcizato
1219 2286 1333 2367 ante,
1349 2261 1392 2352 ἃ
1409 2290 1528 2351 retro
1545 2292 1618 2349 un·

542 2409 692 2503 gantur
712 2443 725 2482 ,
757 2405 803 2467 ut
821 2381 944 2499 digna
964 2386 1113 2472 domus
1131 2386 1343 2471 bonorum
1365 2412 1547 2501 opetum
1560 2380 1617 2467 ie·

541 2501 664 2590 renrli
685 2502 759 2621 (1)
782 2501 1053 2589 inveniantur
1075 2534 1089 2610 ;
1121 2500 1403 2591 &defuturis
1429 2500 1618 2588 munian-

543 2645 611 2707 tur
641 2684 653 2718 ,
688 2650 739 2704 ne
772 2618 912 2734 pravis
946 2617 1276 2737 cogitationibus
1310 2622 1433 2710 corda
1465 2648 1617 2706 eorum

543 2738 843 2828 obfuscenturs
876 2766 951 2853 per
972 2742 1112 2829 oleum
1134 2768 1310 2853 namque
1327 2734 1620 2827 misericordia

542 2855 824 2971 designatur.
867 2860 1018 2945 Postea
1047 2861 1099 2947 de
1131 2856 1500 2945 abrenuntiatione
1532 2852 1618 2943 dia·

542 2972 668 3073 boli,
700 2999 741 3058 et
762 3002 971 3087 operum,
1002 2976 1042 3066 ἃ
1078 3004 1325 3093 pomparum
1351 2976 1474 3088 ejus,
1504 2970 1549 3061 ἃ
1566 2976 1617 3060 de

540 3093 750 3213 petitione
770 3093 968 3209 Baptismi
986 3095 1238 3209 inquiratur,
1256 3095 1298 3184 dt
1316 3126 1337 3182 a
1353 3094 1532 3214 patrinis
1555 3124 1617 3182 re·
1660 3151 1664 3163 ·

541 3217 798 3331 spondeatur
819 3277 829 3297 .
863 3216 965 3302 Post
996 3215 1405 3303 abrenuntiationem
1424 3212 1616 3333 primus,

540 3339 619 3420 lroc
639 3357 736 3433 ert,
768 3332 959 3420 diabolus
994 3333 1253 3452 expellitur,
1283 3331 1326 3420 ἃ
1349 3362 1425 3450 per
1457 3331 1614 3419 confes·

539 3451 703 3538 sionem
750 3451 1008 3539 credulitatis
1041 3455 1172 3539 intrat
1213 3458 1422 3539 secundus
1453 3454 1610 3548 homo,

539 3568 647 3656 idest
666 3570 890 3656 Christus.
926 3571 1055 3685 Quod
1078 3597 1213 3657 autem
1243 3574 1440 3685 parvulus
1462 3572 1539 3655 lide
1558 3571 1611 3652 al·

539 3687 672 3772 terius
688 3690 919 3773 absolvitur
938 3749 951 3787 ,
983 3719 1068 3777 non
1088 3713 1150 3775 est
1169 3691 1317 3775 mirum
1337 3751 1350 3789 ,
1367 3713 1411 3774 ut
1436 3689 1493 3774 ait
1509 3685 1611 3770 San·

540 3831 630 3900 ctus
648 3804 910 3920 Augustinus
926 3809 1028 3929 (2),
1061 3807 1134 3925 qui
1153 3809 1290 3904 alieno
1309 3833 1483 3930 peccato
1502 3801 1609 3890 obli·

1508 3952 1610 4039 gan·

565 4117 617 4202 (ι)
632 4111 794 4187 Meudosa
807 4111 937 4188 lectio.
1097 4168 1123 4202 „
1141 4118 1292 4192 fidelium
1312 4141 1370 4190 eos
1385 4107 1519 4186 nomine
1541 4131 1610 4178 non

563 4218 619 4300 (a)
636 4209 670 4277 S.
686 4210 897 4303 Augustinus
909 4225 958 4284 De
966 4230 1047 4311 pec·
1097 4233 1249 4298 „censet
1278 4215 1454 4308 indiguos,
1483 4205 1609 4299 quibus

540 4322 688 4378 catorum
706 4308 832 4377 meritis
852 4327 910 4390 ,et
925 4313 1050 4383 remiss.
1101 4361 1126 4396 ‚,
1138 4313 1268 4396 justitia
1284 4309 1418 4381 Christi
1447 4304 1550 4380 etiam
1565 4327 1612 4373 se·

537 4402 813 4495 libul·cap.1l.
833 4410 1051 4482 num.a.T.x.
1099 4459 1124 4493 „
1138 4413 1287 4486 cundum
1316 4407 1397 4480 istos
1423 4402 1610 4497 prodesse,

538 4499 1052 4596 col.7a.„C0gunturparvulos
1102 4506 1273 4592 „nonnisi
1307 4499 1526 4576 credentibus
1539 4520 1616 4592 pos·

533 4593 764 4685 „baptizatos
782 4599 813 4669 in
836 4602 1048 4674 credentium
1101 4653 1126 4687 ,‚
1144 4624 1195 4678 set
1209 4654 1220 4676 .
1235 4603 1377 4675 Sicut...
1391 4620 1534 4676 eorum,
1551 4617 1618 4687 Per

538 4739 564 4780 ,,
580 4714 722 4798 numero
748 4697 912 4783 deputare
930 4745 940 4778 ‚
956 4717 989 4768 et
1004 4723 1058 4768 au·
1108 4750 1133 4785 „
1151 4726 1236 4796 quos
1253 4712 1500 4775 renascuntur,
1520 4691 1618 4772 lusti·

538 4837 564 4874 ,,
582 4790 733 4859 ctorrtati
766 4793 905 4863 'Sanctae
932 4795 1059 4890 ubique
1110 4848 1134 4882 ‚‚
1150 4801 1203 4869 tiae
1218 4799 1299 4870 fides
1313 4789 1532 4884 responsione
1553 4813 1615 4860 sua

535 4875 733 4976 „Ecclesiae
758 4892 1061 4988 consentire‚quae
1111 4889 1615 4984 ,‚traiititiueosfidem,quattt
