4284 6125
551 1330 642 1417 410
789 1326 1053 1388 murrsotttrrvt
1085 1322 1367 1383 orrrctottutt

551 1418 729 1508 delabris
746 1425 797 1507 ab
818 1422 999 1509 Oriente
1026 1421 1074 1505 ad
1094 1417 1380 1505 Occidentem
1411 1414 1622 1504 collocen-

552 1566 617 1627 tur
639 1570 651 1642 ;
685 1538 781 1651 quia
800 1543 962 1625 duobus
978 1534 1258 1624 Testamentis
1278 1560 1465 1647 quatuor
1485 1562 1620 1650 partes

550 1659 695 1744 mundi
730 1658 1018 1743 illuminantur
1054 1718 1064 1739 .
1099 1658 1176 1740 Per
1208 1652 1458 1740 Lectionem
1495 1714 1511 1756 ,
1555 1654 1620 1742 vel

549 1775 778 1889 Epistolam
800 1776 1071 1888 praedicamus
1091 1840 1100 1859 .
1119 1768 1308 1889 Epistola
1329 1800 1508 1886 namque
1526 1804 1620 1861 cau·

547 1917 662 1981 tatur
682 1896 728 1978 ad
749 1923 1014 1980 communem
1050 1890 1272 1979 utilitatem
1293 1952 1307 1990 ,
1338 1914 1381 1977 et
1403 1896 1452 1978 ad
1472 1891 1618 2007 populi

549 2012 943 2111 convocationem,
976 2037 1021 2097 ut
1042 2009 1178 2098 audiat
1196 2009 1297 2122 quid
1320 2011 1470 2097 doceat
1488 2012 1619 2100 Evan-

546 2129 701 2246 gelium
727 2193 736 2213 .
771 2134 845 2216 Per
869 2133 1137 2246 Responsum
1157 2152 1293 2214 autem
1313 2129 1387 2245 (r)
1403 2188 1418 2228 ,
1436 2131 1552 2242 qood
1567 2132 1617 2218 al·

548 2247 747 2335 ternatim
782 2254 968 2334 cantator
1002 2309 1016 2349 ,
1048 2247 1185 2337 activa
1221 2246 1309 2333 vita
1343 2248 1617 2365 designatur,

543 2368 588 2455 in
615 2398 693 2479 qua
711 2367 900 2453 Ecclesia
924 2371 1030 2455 bene
1050 2370 1269 2482 operando
1301 2389 1503 2452 aeternam
1536 2368 1617 2483 glo·

544 2485 648 2572 riam
668 2511 964 2592 promeretur,
997 2517 1091 2600 quse
1112 2516 1182 2599 pet
1200 2481 1380 2597 Alleluia
1400 2484 1615 2601 figuratur.

545 2609 625 2690 Per
645 2603 846 2689 Tractum
876 2633 979 2690 vero
1013 2665 1028 2706 ,
1076 2606 1147 2717 qui
1184 2606 1297 2689 nullo
1336 2608 1620 2717 respondente

547 2742 739 2811 cantatur
773 2783 786 2820 ,
819 2745 860 2806 et
886 2720 930 2808 in
962 2723 1046 2810 suis
1083 2722 1273 2808 melodiis
1301 2719 1617 2809 similitudinem

545 2844 628 2930 fert
648 2841 720 2954 (ε)
738 2839 899 2926 animus
921 2903 934 2942 ,
966 2842 1056 2929 vita
1076 2866 1245 2929 contem
1280 2836 1433 2940 lativa,
1462 2838 1507 2926 in
1534 2870 1617 2953 qua

544 2955 724 3081 perfecti
761 2957 843 3044 viri
875 2991 954 3073 pro
987 2963 1112 3060 suis,
1155 2984 1195 3047 et
1229 2872 1404 3044 allorum
1426 2960 1615 3074 'peccatis

544 3105 715 3171 orantes
745 3081 818 3195 (3)
853 3139 867 3175 ,
899 3104 941 3164 et
983 3082 1059 3167 soli
1097 3083 1192 3165 Deo
1226 3076 1395 3194 gloriam
1447 3077 1615 3190 quidem

545 3201 734 3294 eamdem
756 3198 1026 3287 excellentius
1059 3223 1393 3312 promerentur.
1428 3195 1617 3310 Sequens

541 3327 727 3412 Pneuma
760 3318 876 3438 (q),
925 3349 1019 3437 quae
1052 3343 1147 3436 post
1176 3313 1355 3431 Alleluia
1394 3340 1615 3417 cantatur,

567 3518 619 3601 (t)
637 3502 729 3575 C0d·
749 3505 862 3574 enim·
1108 3558 1132 3592 ,‚
1146 3535 1221 3583 mm
1240 3511 1466 3584 adnotandum
1486 3560 1498 3593 ‚
1519 3506 1612 3600 ‘quod

567 3619 621 3696 (2)
642 3604 802 3672 Meniosa
824 3601 952 3674 lectior
1107 3609 1248 3692 „semel
1283 3607 1431 3680 diximus
1467 3606 1614 3680 feminini

568 3712 621 3794 (3)
641 3699 733 3769 Cod.
753 3693 949 3778 orantibus,
967 3706 1054 3774 forte
1104 3707 1278 3799 „generis
1294 3708 1420 3799 absque
1450 3703 1489 3776 P.
1511 3703 1614 3797 accipi

543 3813 695 3875 orantest
729 3796 870 3887 Aliquid
892 3821 1054 3890 preterea
1101 3855 1126 3889 ‚‚
1143 3829 1207 3895 pro
1230 3804 1366 3887 iubilo:
1398 3826 1461 3895 pto
1489 3799 1616 3892 Spiritu

542 3893 832 3974 deessevidetur.
1105 3951 1129 3984 ‚,
1146 3897 1619 3990 autcmSanctodiciturgnr·

561 4003 620 4092 (4)
640 3990 851 4062 Vocabulum
882 3995 947 4065 hoc
964 4020 1054 4067 men·
1103 4049 1128 4083 ‚‚
1144 4022 1181 4071 ce
1196 4007 1343 4070 Puram
1357 3995 1570 4068 Poematis.
1588 4045 1613 4081 „

541 4097 623 4165 close
639 4090 801 4176 scriptum
817 4109 887 4160 est.
903 4101 1050 4163 Pneuma
1101 4100 1242 4186 Insuper
1274 4097 1407 4190 quidem
1424 4093 1528 4161 Poeta
1548 4118 1613 4165 ms.

539 4190 629 4259 enim
672 4187 779 4255 tertiae
814 4185 1048 4261 ¹declinationis
1099 4219 1140 4266 ex
1168 4193 1332 4268 ssiblioth.
1347 4192 1487 4263 Thoana
1520 4194 1613 4284 apud

538 4287 716 4378 (Pneuma
735 4289 924 4355 Pneumatr's
939 4299 950 4368 )
968 4288 1045 4379 spt-
1095 4293 1317 4365 Dufresnium
1327 4287 1608 4374 verbol’neuma:

536 4383 641 4456 ritum
671 4383 826 4453 Sanctum
854 4384 1042 4476 significate
1091 4395 1232 4474 Ncuma
1247 4389 1419 4462 canlrst'nr
1433 4383 1473 4453 P.
1490 4408 1564 4458 cum
1574 4387 1611 4460 P.

536 4483 662 4571 absque
677 4477 789 4550 littera
817 4481 855 4551 Ρ.
876 4507 960 4553 vern
976 4485 1045 4578 pri·
1089 4485 1129 4572 fit
1142 4487 1285 4568 spiritus
1301 4488 1409 4558 almus
1421 4480 1613 4558 ‚Ceterum

537 4599 599 4650 mae
626 4576 858 4648 declinationis
883 4586 1042 4668 (Neuma
1094 4577 1237 4655 Soiritus
1255 4605 1361 4674 qcxce
1380 4595 1488 4661 nucu
1504 4634 1513 4655 .
1532 4583 1613 4653 De·

534 4675 691 4758 Neumae)
709 4675 852 4757 jubilum
870 4681 1045 4766 exprimit.
1096 4701 1187 4755 mum
1205 4681 1381 4772 Neomare
1395 4729 1407 4763 ‚
1420 4687 1518 4756 idem
1536 4698 1612 4761 cst,

502 4772 676 4857 ·]oanncs
692 4774 830 4845 beletus
858 4777 897 4847 rle
910 4779 1045 4850 Divinis
1094 4793 1133 4852 ac
1161 4795 1257 4853 notas
1286 4779 1431 4852 musicas
1451 4778 1615 4876 superad-

534 4873 662 4972 Offiriis
678 4899 755 4975 cap.
772 4897 845 4953 ιικ.Ι
859 4874 1058 4962 „ttteutt-
1108 4881 1214 4951 uetes
1507 4880 1515 4892 ‘
1623 4907 1626 4912 ·
