4284 6125
658 1424 661 1431 ,
752 1332 1271 1437 Jrrrruurcnurri.¹
1417 1304 1422 1328 ⁸
1523 1352 1615 1447 273·

522 1450 669 1538 domat
690 1478 704 1535 a
732 1440 904 1534 diabolo
937 1448 1213 1544 dominatur,
1241 1466 1285 1530 et
1303 1469 1398 1534 eum
1418 1444 1610 1555 subjicit,

520 1573 622 1656 dum
656 1565 784 1654 asuis
810 1566 965 1654 finibus
998 1571 1132 1682 ipsum
1164 1564 1380 1678 expellit.
1426 1566 1606 1652 Palmam

518 1686 652 1806 igitur
687 1685 733 1771 in
751 1714 875 1772 mann
897 1711 1066 1803 gestat,
1098 1684 1170 1799 qui
1190 1685 1241 1767 de
1269 1684 1332 1769 bis
1371 1682 1507 1768 tribus
1534 1688 1608 1770 be·

518 1836 577 1893 ne
597 1805 816 1926 operando
839 1806 1102 1920 triumphat.
1138 1804 1275 1889 Palma
1310 1801 1355 1887 in
1392 1801 1607 1888 inferiori·

519 1927 601 2012 bus
631 1953 777 2040 aspera
808 1949 907 2021 est,
943 1928 1014 2010 sed
1047 1925 1228 2037 desuper
1246 1923 1437 2037 pulchra,
1457 1946 1500 2008 et
1519 1920 1602 2008 fru-

517 2070 633 2132 ctum
660 2043 800 2159 gerit.
843 2041 914 2130 Sic
946 2042 1140 2129 fidelisin
1163 2066 1273 2127 terra
1291 2068 1460 2155 asperos
1496 2040 1603 2126 tole·
1637 2090 1640 2095 ·

518 2183 585 2252 rat
602 2165 799 2261 labores,
825 2165 898 2247 sed
916 2189 1091 2278 sperat,
1123 2161 1167 2247 in
1198 2159 1303 2248 caelo
1333 2188 1377 2244 se
1402 2183 1601 2276 acceptu·

518 2311 611 2370 rum
640 2279 861 2396 praemium
894 2344 903 2364 .
953 2284 1090 2368 Palma
1117 2304 1345 2366 conservat
1373 2277 1471 2366 solia
1507 2309 1520 2380 ;
1554 2301 1600 2366 et

518 2397 685 2498 fidelis,
717 2398 908 2486 variante
940 2423 1049 2487 statu
1094 2398 1222 2486 seculi
1256 2456 1270 2496 ,
1299 2400 1442 2484 eadem
1478 2416 1598 2483 tenet

518 2516 619 2603 fidei
644 2515 869 2630 mysteria.
899 2518 1043 2606 Floret
1068 2515 1183 2603 enim
1200 2515 1437 2632 significant
1454 2515 1597 2602 diver·

519 2665 583 2724 sas
610 2636 789 2725 virtutes
809 2695 823 2735 ,
841 2637 996 2751 'quibus
1014 2639 1216 2723 debemus
1240 2636 1518 2734 ornatiesse,
1547 2661 1596 2728 ut

516 2784 683 2871 semper
710 2755 920 2873 possimus
961 2755 1126 2872 placere
1152 2758 1249 2844 Deo
1286 2759 1440 2859 ;unde
1471 2756 1594 2871 Apo·

517 2878 649 2963 stolus
663 2874 721 2961 ait
738 2876 814 2993 (1)
833 2907 845 2964 r
879 2879 1019 2965 Bonus
1033 2883 1136 2964 odor
1149 2903 1292 2964 sumus
1310 2875 1399 2966 Deo
1421 2875 1595 2962 inomni

517 2997 643 3082 loco.
679 2994 802 3082 Rami
837 2995 1075 3115 significant
1110 3021 1254 3086 nostra
1286 2995 1399 3087 bona
1430 3022 1558 3110 opera
1576 3019 1600 3095 ,·

518 3142 614 3199 cum
626 3111 777 3226 quibus
788 3118 989 3204 debemus
1005 3146 1243 3234 praeparare
1252 3111 1361 3207 viam
1376 3117 1423 3205 ad
1433 3116 1597 3200 Denme

639 3235 686 3317 ln
706 3231 797 3344 ipsa
815 3234 883 3320 die
916 3236 1068 3352 legitur
1099 3261 1195 3323 ante
1220 3233 1492 3351 Evangelium
1513 3231 1594 3315 Le·

519 3346 610 3435 ctio
627 3350 679 3434 de
702 3352 854 3438 Veteri
872 3354 1013 3471 Lege:
1053 3360 1259 3446 Venerunt
1282 3354 1358 3480 (2)
1365 3351 1450 3468 filii
1463 3352 1592 3437 lsrael

516 3466 719 3574 adfantes
736 3472 818 3564 dyc.
847 3473 980 3558 Venit
995 3475 1070 3593 (3)
1087 3477 1268 3591 populus
1284 3477 1334 3566 ad
1349 3472 1516 3574 fontem
1535 3471 1589 3554 de

514 3586 965 3681 ¹VrateriTestaurento
985 3594 1185 3685 transitur
1214 3599 1266 3686 ad
1284 3596 1462 3804 Nsovum
1492 3648 1507 3689 2
1536 3589 1589 3679 ad

539 3856 596 3942 (r)
616 3852 667 3922 11.
685 3850 822 3925 Corint.
842 3856 892 3929 11.
914 3878 970 3953 14.
997 3864 1041 3925 Et
1089 3852 1188 3941 tibur,
1203 3871 1235 3929 et
1247 3857 1457 3955 septuaginta
1467 3853 1592 3953 palmis

513 3949 650 4021 odorem
674 3952 799 4023 notitia
814 3974 879 4023 ruae
895 3953 1039 4039 manife-
1086 3957 1257 4048 caparxss.
1270 3972 1434 4049 pagum.
1450 3951 1495 4024 ita
1508 3949 1591 4023 scri·

513 4060 585 4115 stat
606 4063 670 4143 per
694 4072 754 4119 nos
783 4049 818 4119 in
833 4050 923 4120 omni
935 4050 1036 4132 loco,
1087 4052 1162 4124 bita
1180 4053 1315 4137 „Cum
1340 4073 1424 4143 ergo
1452 4073 1514 4143 per
1533 4046 1589 4119 li·

513 4143 597 4239 quia
612 4144 736 4220 Christi
763 4144 867 4219 bonus
885 4150 966 4220 odor
981 4171 1038 4219 ru·
1085 4197 1111 4232 „
1129 4173 1231 4244 gnum
1246 4149 1337 4230 vitae,
1349 4145 1457 4219 dulcis
1481 4146 1588 4218 fuerit

513 4261 590 4309 mus
615 4249 683 4312 Deo
710 4244 745 4316 ia
773 4245 841 4326 iis,
869 4245 930 4340 qui
944 4244 1035 4317 salvi
1084 4294 1110 4329 „
1123 4246 1242 4317 effecta
1256 4252 1272 4329 ί
1284 4268 1370 4342 aqua
1384 4242 1511 4331 maris)
1526 4292 1536 4325 ,
1554 4260 1590 4313 et

511 4329 625 4421 fiunt,
640 4356 674 4409 et
689 4342 725 4411 in
740 4342 782 4412 iis
798 4343 859 4439 qui
867 4356 1033 4439 pereunt.
1082 4391 1109 4426 „
1124 4340 1268 4435 intelligi
1285 4342 1340 4413 lex
1364 4336 1589 4434 spiritualiter

541 4436 597 4521 (2)
611 4434 720 4510 Exod.
734 4462 792 4511 xv.
805 4460 944 4530 ver.27.
971 4446 1033 4510 Vr·
1080 4487 1107 4523 „
1121 4439 1265 4532 coeperit
1279 4487 1291 4521 ,
1306 4457 1386 4510 tunc
1408 4439 1451 4507 de
1467 4436 1589 4507 Veteri

510 4546 635 4601 nerunt
658 4551 770 4607 autem
799 4536 834 4606 in
861 4534 948 4611 Elim
965 4532 1032 4620 filii
1079 4539 1337 4621 „Testamento
1352 4534 1511 4608 transitur
1544 4534 1588 4604 ad

508 4626 644 4709 Israel,
669 4630 728 4701 ubi
745 4650 841 4704 erant
859 4634 1027 4706 duodecim
1080 4683 1105 4717 ,‚
1117 4636 1286 4712 Novum,
1315 4650 1350 4703 et
1376 4630 1513 4700 venitur
1539 4628 1584 4697 ad

503 4720 615 4812 fontes
633 4749 820 4823 aquarum.
1077 4728 1298 4814 „duodecim
1313 4730 1421 4799 fontes
1438 4773 1449 4804 ‚
1473 4723 1585 4803 idest,

536 4828 589 4911 (3)
607 4822 641 4894 S.
660 4825 812 4898 isidorus
827 4827 1027 4901 Comment.
1078 4876 1104 4913 ‚‚
1123 4818 1584 4917 adduodecimApostolos.‚,

507 4919 546 4994 in
562 4920 674 4992 Exod·
701 4931 753 4993 De
771 4925 941 4998 duodecim
955 4926 1048 5011 fon·-
