4284 6125
440 787 1705 992 ‚³—

1251 1176 1268 1215 4
1703 1150 1705 1203 1

625 1336 711 1423 544
855 1296 1122 1393 montom
1156 1320 1481 1427 memnone
1588 1410 1604 1427 η

623 1422 854 1539 corporis:
882 1430 1051 1513 alteram
1067 1452 1180 1513 ¹veto
1198 1452 1221 1523 ,·
1245 1418 1435 1513 e'oilieet
1462 1412 1675 1533 miniter

622 1547 815 1657 Verbum
848 1574 1028 1651 manens
1045 1544 1154 1657 epod
1178 1536 1360 1631 Pattet'n
1394 1540 1447 1629 in
1463 1536 1671 1657 principi.

619 1664 669 1750 Et
691 1667 800 1751 bene
817 1666 985 1779 quidem
1002 1664 1152 1752 animos
1167 1658 1486 1753 resurrection
1500 1654 1673 1747 Divisio

621 1806 666 1869 te
681 1782 884 1871 celebrari
903 1784 1088 1873 creditor
1108 1844 1123 1879 .
1152 1780 1365 1897 qnoniam
1383 1772 1673 1897 ipsamldifl*

618 1904 762 2019 ginem
778 1904 865 1989 Dei
884 1892 1031 1991 lrctenl
1060 1926 1294 2007 narratum
1325 1899 1444 1987 etin
1469 1926 1557 2015 qne
1580 1896 1674 1985 boot

618 2049 847 2134 utcumque
875 2021 984 2109 illtnt
999 2016 1495 2138 incomprehensibilem
1510 2076 1531 2119 ,
1554 2014 1675 2107 etint-

619 2144 870 2230 nrrtrbilem
902 2142 1036 2231 locent
1062 2142 1172 2227 velet
1203 2138 1412 2257 prolecto
1429 2162 1613 2267 cupere.
1634 2134 1676 2221 lt

618 2259 721 2349 ideo
738 2258 1011 2349 excellentior
1039 2281 1103 2349 est
1117 2258 1354 2347 animatum
1392 2252 1674 2352 rerntreedt'2

621 2410 745 2495 quarn
775 2409 1030 2496 corporum.
1061 2374 1224 2469 Omnes
1239 2376 1357 2467 'eollo
1384 2376 1673 2479 retutolnbot·

619 2522 719 2600 tur,
748 2498 851 2585 boni
878 2559 894 2599 ,
928 2522 973 2585 et
999 2498 1128 2587 mali.
1160 2496 1244 2585 Sed
1269 2496 1544 2591 resurrectio
1568 2498 1674 2583 bono

619 2618 1109 2827 22:333}le
1120 2616 1268 2825 ll?
1283 2612 1675 2851 ”lambit

619 2878 662 2939 et
691 2857 891 2942 malornm
910 2854 1165 2957 resurrectio
1183 2860 1205 2959 ',
1233 2850 1333 2971 qnia
1348 2854 1557 2971 graviore
1569 2868 1674 2939 etott

619 3002 768 3061 eornm
799 2999 1056 3077 tormenta,
1094 2976 1259 3092 qnando
1294 3002 1393 3061 tom
1435 2970 1671 3092 corporibus

621 3100 932 3210 torquebuntur
952 3159 963 3179 .
983 3100 1028 3181 ln
1046 3095 1114 3181 illa
1130 3095 1242 3183 coint
1260 3093 1592 3183 resurrectionis
1606 3093 1672 3209 glo·

619 3218 682 3303 ria
716 3217 798 3302 etit
827 3245 980 3328 corpus
1010 3240 1200 3301 nostrum
1227 3213 1424 3320 subtile,
1458 3212 1672 3332 perlectum

620 3335 851 3452 spititualis
878 3333 1122 3449 pote‘ntiae,
1153 3337 1225 3420 sed
1247 3331 1458 3447 palpabile
1469 3339 1563 3456 'pto
1582 3328 1672 3416 veri·

618 3478 707 3544 tate
726 3479 884 3537 narurae
913 3483 925 3553 ;
958 3457 1069 3545 unde
1097 3454 1221 3540 etiam
1245 3455 1515 3568 Redemptor
1532 3475 1676 3545 notter,

619 3570 912 3662 dubitantibus
934 3572 985 3660 de
1016 3603 1088 3662 sua
1107 3570 1416 3673 resurrectione
1441 3567 1677 3688 discipulis»

1548 3713 1678 3780 osten·

613 3959 642 3996 „
657 3910 691 3981 lo
702 3916 812 4005 spatio
826 3918 962 3987 finitur.
976 3916 1028 3986 lta
1040 3938 1124 4010 ergo
1183 3917 1372 4000 „actiones
1399 3968 1410 3989 .
1443 3919 1565 3991 Anima
1593 3914 1679 3988 erint

615 4054 643 4095 „
660 4009 770 4079 anima
802 4013 1016 4105 intelligenda
1045 4033 1124 4096 est,
1181 4039 1288 4107 „pro
1312 4015 1457 4090 diversis
1476 4014 1604 4088 notibus
1627 4010 1679 4082 di·

614 4159 641 4196 „
656 4123 690 4177 et
703 4106 880 4203 cogitanda
895 4157 906 4188 ‚
922 4110 1009 4179 sicut
1029 4111 1123 4189 iusti·
1181 4160 1205 4197 ,‚
1218 4135 1316 4184 versa
1341 4113 1475 4188 nomint
1511 4109 1679 4204 sortitore

613 4256 641 4296 „
652 4203 724 4287 tia,
749 4225 782 4276 tt
798 4205 959 4298 sapientia
976 4255 987 4287 ,
1018 4225 1051 4276 et
1066 4231 1122 4278 ce-
1179 4257 1204 4293 „
1218 4212 1299 4281 dum
1312 4211 1402 4295 vult,
1415 4233 1504 4284 mens
1516 4227 1587 4281 estr
1601 4209 1681 4280 dunt

612 4354 640 4393 „
656 4321 736 4375 terae
762 4304 904 4377 virtutes
931 4353 943 4374 .
969 4302 1119 4377 Multum
1178 4327 1311 4390 „recte
1328 4308 1593 4392 iudicat,tatio
1611 4324 1681 4378 ests

612 4455 639 4491 „
655 4425 707 4473 res
719 4402 903 4497 spiritualis
917 4418 991 4484 est,
1007 4402 1119 4474 vicina
1178 4449 1205 4488 ,‚
1216 4407 1298 4477 dunt
1317 4407 1449 4502 aliquid
1464 4406 1595 4488 sentit,
1612 4429 1683 4478 sen·

609 4549 639 4589 „
652 4517 702 4570 est
730 4503 920 4575 substantioe
934 4500 1027 4573 Dei.
1053 4501 1122 4573 Te·
1179 4551 1205 4587 ‚,
1219 4527 1276 4575 sus
1294 4523 1369 4577 ests
1387 4508 1471 4580 dunt
1484 4505 1683 4588 recolit,nte·

608 4643 639 4685 „
658 4596 855 4673 nuissimum
870 4603 1038 4693 quoddam
1056 4619 1119 4696 est,
1177 4648 1203 4685 ‚‚
1218 4602 1327 4672 moria
1341 4623 1394 4677 est
1409 4634 1421 4677 r
1449 4607 1532 4678 dnm
1558 4604 1683 4700 splrtt,

611 4714 768 4780 „movet
780 4698 1006 4792 corpusregit
1018 4721 1119 4769 mern·
1175 4700 1359 4792 „spiritus
1377 4720 1495 4790 est.,·,

609 4841 638 4878 „
650 4791 709 4860 bra
722 4839 733 4872 ‚
747 4792 870 4866 dividit
883 4819 996 4867 sensus
1008 4842 1020 4878 ,
1034 4818 1118 4888 prae·
1199 4804 1254 4890 (r)
1271 4801 1386 4892 Apoc.
1401 4825 1466 4874 vr.
1484 4825 1536 4878 ιι.
1550 4809 1595 4873 Β
1611 4801 1687 4872 dtu

492 4839 528 5020 ἱ
598 4909 629 4976 ·,
641 4906 737 4983 parat
748 4894 990 4987 cogitationes,
1005 4894 1116 4968 exerit
1173 4894 1688 5000 rurrtuostngutaesrrtndr-
