4284 6125
1612 1408 3144 1518 exeratur-10:225

996 1543 1203 1633 gnos
1245 1496 1598 1624 spiritus
1658 1513 2158 1630 designant.
2230 1511 2689 1646 Jerusalem
2734 1513 3151 1634 designat

989 1636 1450 1723 Ecclesiam
1491 1694 1518 1732 ,
1573 1636 1706 1719 vel
1745 1636 2169 1721 caelestem
2208 1631 2626 1744 patriam.
2692 1637 2965 1744 Judaei
3002 1644 3151 1728 de-
3276 1722 3281 1733 ,

988 1756 1323 1873 signant
1361 1756 1642 1842 fideles
1670 1814 1698 1854 ,
1737 1782 2102 1867 quorum
2141 1753 2279 1840 alii
2318 1775 2513 1843 sunt
2557 1755 2960 1868 reprobi,
3001 1758 3143 1851 alii

987 1905 1203 1961 vero
1275 1874 1522 1961 electi
1566 1934 1596 1973 ,
1659 1878 1800 1960 sed
1849 1896 2261 1986 utrosque
2329 1873 2712 1965 diabolus
2766 1886 2963 1962 ante
3012 1908 3139 1965 re-

987 1995 1606 2083 surrectionem
1669 1991 1761 2077 in
1805 1991 2351 2103 Babyloniam
2422 1990 2740 2087 inferni
2800 2015 3145 2089 contra-

986 2140 1294 2213 xerat,
1331 2112 1418 2200 &
1455 2113 1884 2203 damnavit
1937 2111 2170 2199 duris
2207 2113 2669 2224 operibus,
2738 2114 2899 2203 hoc
2938 2116 3135 2222 est,

984 2232 1350 2320 diversis
1419 2231 1948 2351 suppliciis3
1991 2234 2136 2319 sed
2207 2231 2699 2366 Christus,
2760 2232 2907 2347 qui
2978 2265 3135 2370 per
3228 2240 3235 2253 '

983 2352 1317 2466 Cyrum
1350 2353 1896 2488 designatur,
1958 2352 2433 2467 suppressis
2491 2350 2725 2468 prius
2768 2356 3051 2473 regnis
3088 2416 3123 2460 ,

986 2502 1181 2583 quae
1218 2496 1458 2558 erant
1505 2472 1596 2557 in
1629 2472 1856 2570 ima,
1924 2473 2082 2575 hoc
2122 2471 2235 2557 est
2275 2471 2413 2571 ,in
2460 2471 2726 2571 aereis
2767 2474 3134 2591 potesta-

987 2594 1282 2691 tibus,
1346 2621 1535 2705 quae
1609 2593 2024 2680 seducunt
2091 2593 2349 2681 corda
2415 2591 2783 2686 fidelium
2842 2655 2872 2694 ,
2965 2624 3123 2708 per

985 2731 1352 2797 mortem
1404 2712 1624 2799 suam
1692 2734 2091 2845 potenter
2149 2708 2776 2825 triumphavit,
2834 2712 3129 2802 diabo-

983 2832 1152 2915 lum
1210 2831 1665 2946 spoliavit,
1729 2829 2094 2917 liberans
2161 2832 2484 2918 electos
2550 2858 2749 2923 suos
2788 2890 2817 2932 ,
2908 2862 3129 2946 quos

985 2978 1265 3049 secum
1330 2948 1736 3041 adduxit.
1809 2950 1975 3035 Sed
2035 2947 2233 3062 quia
2292 2948 2613 3065 reliqua
2673 2949 3122 3068 captivitas

980 3069 1367 3155 remanfit.
1430 3071 1515 3156 in
1584 3069 2040 3181 Babylonia
2106 3099 2371 3184 usque
2424 3075 2521 3157 ad
2591 3070 3129 3187 septuaginta

982 3217 1246 3276 annos
1288 3250 1316 3288 ,
1380 3187 1798 3304 significat
1835 3192 2112 3304 ,quod
2145 3218 2400 3277 omne
2467 3218 2843 3305 praesens
2905 3211 3122 3275 tem-

978 3335 1136 3420 pus
1174 3312 1764 3424 peregrinatur
1813 3310 1904 3395 in
1948 3332 2177 3404 terra
2216 3309 2548 3405 aliena,
2600 3308 2762 3396 hoc
2803 3307 2987 3407 est,
3024 3307 3121 3398 in

978 3427 1143 3510 hoc
1191 3428 1570 3531 mund03
1633 3459 1750 3516 ex
1817 3457 2018 3543 qua
2045 3427 2736 3545 peregrinatione
2797 3426 2890 3512 in
2931 3427 3127 3540 qui-

980 3545 1326 3629 busdam
1357 3546 1657 3641 electis
1711 3547 2153 3682 corporali.
2182 3578 2389 3642 nece
2440 3547 2845 3636 liberatur
2900 3576 3133 3660 quo*

977 3662 1253 3760 tidie,
1317 3668 1458 3749 sed
1525 3666 1614 3752 in
1669 3668 2285 3785 septuagesimo
2361 3698 2653 3770 ann0,
2734 3664 2913 3782 post
2985 3697 3120 3762 re-

975 3782 1260 3893 quiem
1313 3786 1690 3872 omnium
1764 3787 2223 3874 animarum
2278 3787 2651 3899 perfecte
2715 3784 3115 3873 liberabi-

967 3925 1107 3985 tur
1163 3898 1448 4008 juncta
1481 3906 1894 4022 corpori.
1973 3906 2429 3995 Sciendum
2463 3905 2630 4004 est,
2673 3907 2900 4017 quod
2944 3908 3108 3996 hoc

968 4019 1255 4105 multis
1304 4025 1675 4136 peccatis
1737 4025 2008 4136 Judaei
2072 4045 2635 4122 meruerunt,
2689 4027 2949 4160 quod·
2976 4046 3111 4112 tot

968 4137 1206 4223 annis
1280 4144 1673 4257 oppressi
1740 4169 2105 4232 essent.
2204 4142 2763 4230 Confiderans
2839 4141 3103 4258 igitur

955 4239 1365 4360 Dictator
1428 4264 1576 4381 (ι)
1608 4265 2200 4387 septuaginta,
2263 4260 2828 4472 multaPnobis
2892 4290 3107 4380 pec·

1007 4525 1119 4607 (1)
1149 4520 1292 4622 Qi
1328 4526 1648 4609 dictator,
1654 4527 1974 4602 hicidem
2072 4525 2425 4610 „Officiis
2466 4523 2762 4604 nostris,
2789 4537 2973 4606 etc„
2977 4538 3102 4606 ‚et

958 4614 1355 4709 Praeceptor
1405 4674 1428 4708 ,
1495 4625 1646 4697 sive
1705 4629 1975 4698 Auctor
2075 4624 2293 4697 infra:
2341 4673 2391 4738 .”
2426 4621 2823 4715 Praeceptor
2849 4621 3091 4694 Officii

951 4714 1198 4785 Officii
1251 4743 1288 4788 a
1319 4721 1503 4795 Beda
1551 4742 1840 4796 vocatur
1885 4727 1964 4796 de
2092 4724 2359 4807 ,nostri
2388 4718 2792 4813 ampliorem
2852 4737 3084 4791 muta-

961 4809 1204 4899 Gfficr‘is
1247 4816 1958 4919 Tom.v11.col.468.
2059 4820 2395 4907 „tionem
2440 4817 2732 4911 requirit
2787 4865 2810 4899 ,
2864 4841 3080 4908 quam

951 4909 1207 4991 „Ideo
1252 4919 1519 4990 Auctor
1570 4920 1804 4994 Officii
1837 4922 1959 4993 Se·
2055 4969 2107 5004 „
2136 4941 2258 4990 nos
2284 4939 2559 5010 agamus
2584 4914 3081 4989 constitutione

943 5050 1000 5094 ra
1027 5012 1519 5104 ptuagesimam
1601 5018 1832 5115 posuit
1885 5018 1959 5094 iu
2052 5066 2106 5104 „
2136 5016 2378 5090 Officii
2412 5012 2518 5086 sui
2547 5063 2569 5087 .
2596 5061 2652 5100 „
