4284 6125
812 855 1247 911 EXPLICATIO.
1491 862 1578 947 349

505 976 581 1060 per
600 950 739 1053 Jesum
763 943 975 1030 Christum
1004 948 1107 1030 facta
1134 974 1226 1046 esr3
1261 977 1352 1029 cum
1382 947 1472 1059 ipse
1495 985 1581 1061 pss-

507 1095 573 1150 sus
592 1064 636 1146 in
656 1062 795 1149 Cruce
819 1065 919 1148 Iouis
935 1066 1008 1179 (1)
1023 1096 1098 1151 rros
1120 1098 1144 1150 a
1166 1065 1508 1180 peccatisnostris
1540 1074 1579 1155 io

501 1180 704 1298 sauguine
721 1211 795 1267 stro
817 1245 827 1265 .
864 1179 935 1268 Sic
956 1210 1137 1283 cuncta,
1170 1211 1264 1297 quae
1282 1183 1509 1270 dictasunt
1533 1187 1577 1273 itt

504 1304 637 1417 lege,
666 1302 743 1384 sub
763 1324 900 1413 typo,
933 1323 975 1386 et
995 1303 1123 1419 figura
1154 1302 1375 1388 veritatem
1406 1333 1580 1419 accepe-

504 1440 605 1504 runt
627 1419 896 1535 pergratiam
930 1481 941 1503 .
974 1492 978 1499 .

834 1653 1226 1744 .CLXXXV1.

692 1857 765 1915 um
795 1858 999 1922 DOMINUS
1030 1862 1247 1919 APPARUIT
1278 1859 1406 1918 Motst
1519 1939 1522 1945 ,

627 2009 838 2096 Dominus
877 2011 923 2100 iu
953 2014 1059 2102 rubo
1085 2015 1157 2128 (a)
1190 2009 1381 2124 apparuit
1400 2008 1577 2120 Moysis

510 2125 674 2214 flamma
701 2155 789 2217 erat
818 2132 862 2217 iu
888 2139 1030 2230 rubo,
1056 2156 1100 2213 et
1116 2132 1243 2215 rubus
1261 2159 1348 2216 nou
1373 2131 1573 2217 ardebat.
1651 2126 1655 2139 “

531 2355 584 2439 (1)
604 2353 798 2448 Apocalyp.
817 2379 847 2425 1.
871 2379 901 2444 5.
1065 2401 1089 2436 ‚‚
1108 2355 1140 2425 iu
1168 2355 1254 2428 rubo
1284 2356 1475 2427 flammante
1501 2405 1512 2439 ‚
1540 2372 1575 2429 et

530 2455 585 2536 (2)
605 2449 710 2520 Exod.
735 2454 807 2522 111.
840 2476 872 2522 2.
902 2457 934 2525 S.
948 2453 1012 2524 Isi·
1065 2499 1089 2532 ‚,
1109 2476 1173 2523 nort
1193 2471 1310 2526 urente
1325 2450 1507 2524 Ecclesiam
1526 2453 1574 2524 iu·

505 2544 608 2612 dorus
636 2547 832 2617 Commeat.
852 2549 886 2620 in
902 2552 1012 2623 Exod.
1066 2597 1091 2630 „
1106 2549 1267 2644 relligunt
1281 2550 1478 2623 inflammari
1502 2574 1578 2643 per·

507 2643 655 2730 eapvrl.
683 2668 761 2736 pag.
776 2663 858 2742 450.
872 2698 896 2732 ,‚
914 2650 1010 2719 Dum
1066 2693 1091 2728 ‚‚
1108 2649 1341 2720 securioribus
1358 2697 1369 2729 ‚
1388 2665 1422 2718 et
1437 2672 1510 2720 eam
1527 2648 1578 2718 lo-

505 2783 530 2817 „
545 2757 695 2826 pasceret
708 2742 846 2834 Moyses
863 2769 945 2817 oves
958 2745 1014 2828 Je·
1067 2791 1092 2827 ‚‚
1111 2764 1236 2837 querite
1256 2745 1410 2816 Domino
1427 2769 1495 2815 nort
1521 2767 1579 2836 pe·

506 2881 531 2914 ‚,
547 2836 623 2903 thro
639 2839 747 2906 soceri
764 2839 842 2918 sui,
861 2843 948 2915 vidit
963 2866 1014 2912 ar·
1065 2889 1091 2922 „
1109 2842 1200 2920 rire,
1231 2843 1335 2935 Quod
1351 2864 1436 2913 vero
1450 2839 1576 2912 Domi·

504 2977 529 3012 ,,
549 2931 628 3000 dere
644 2935 779 3015 rubum,
794 2954 828 3006 et
841 2962 907 3010 uon
920 2964 1014 3011 com·
1066 2986 1091 3022 ‚‚
1107 2963 1168 3011 uus
1179 2938 1293 3034 Moysi
1308 2937 1340 3009 iu
1355 2941 1475 3010 eodem
1488 2938 1575 3011 rubo

504 3076 529 3109 „
547 3026 648 3098 buri.
677 3033 845 3123 Apparuit
874 3035 907 3108 in
926 3038 1012 3109 rubo
1067 3037 1299 3129 „apparuisse
1314 3034 1452 3131 iegitur,
1467 3050 1576 3108 osterr-

503 3171 530 3205 ‚‚
546 3125 716 3199 Dominus
731 3130 859 3225 Moysi,
876 3131 1010 3207 mittens
1067 3182 1092 3219 ‚‚
1106 3134 1157 3205 dit
1179 3159 1246 3207 nou
1275 3133 1387 3218 alibi,
1415 3157 1514 3228 quam
1539 3134 1582 3208 in·

502 3246 607 3303 „eum
622 3227 663 3295 ad
674 3247 924 3324 gentemquam
935 3256 1015 3325 prae·
1065 3279 1091 3315 „
1106 3230 1345 3318 Ecclesiaeum
1357 3231 1572 3313 credentibus

503 3321 669 3401 „sciebat
686 3324 833 3420 iniquam
848 3328 1010 3414 futuram,
1063 3378 1089 3413 „
1105 3353 1278 3423 apparere:
1294 3328 1388 3425 Qut
1400 3328 1513 3412 ¹trullus
1525 3327 1574 3399 di·

503 3465 529 3498 „
543 3436 576 3487 et
598 3439 669 3491 erat
695 3423 829 3496 flamma
847 3424 879 3499 iu
898 3429 1008 3511 rubo,
1062 3475 1088 3513 ,‚
1103 3451 1167 3521 goe
1179 3426 1372 3510 consistere,
1383 3425 1437 3500 vel
1455 3428 1570 3499 Deum

503 3561 529 3595 ‚‚
546 3514 653 3601 idest,
668 3520 700 3590 in
714 3522 817 3613 spinis
830 3572 842 3606 ,
857 3543 891 3597 et
905 3529 1008 3599 rubus
1064 3572 1089 3608 ‚,
1105 3523 1221 3598 videre
1248 3543 1361 3618 potest
1380 3574 1391 3608 ‚
1418 3523 1479 3595 nisi
1511 3522 1571 3616 qui

503 3658 528 3692 ‚‚
545 3636 608 3683 non
623 3621 862 3693 cremabatur.
884 3624 1005 3696 Rubus
1060 3670 1086 3706 ,‚
1102 3639 1223 3694 cuncta
1250 3640 1402 3702 terrena,
1424 3639 1459 3692 et
1474 3642 1568 3691 mor-

502 3754 529 3787 υ
543 3708 643 3799 spinae
656 3735 875 3805 peccatorum
889 3722 1008 3803 Judai-
1060 3717 1177 3802 „talia
1221 3718 1417 3812 deposuerit
1455 3717 1566 3789 vitias

503 3827 684 3885 „corumz
711 3813 858 3887 Flamma
875 3819 1007 3892 intubo
1060 3818 1198 3909 „quod
1236 3817 1467 3909 significabant
1510 3812 1569 3890 illa

502 3948 528 3980 22
541 3907 682 4008 ¹verbum
700 3910 766 3981 Dei
782 3960 792 3981 .
807 3914 910 4008 Qtod
924 3939 1007 4010 ergo
1059 3962 1084 3997 ,‚
1101 3913 1215 4007 Moysi
1230 3913 1454 3986 calceamenta
1467 3912 1570 4003 depo·

502 4042 527 4076 2·
543 3995 607 4069 illis
626 4001 679 4077 leit
693 4008 767 4078 data
780 4026 853 4091 est,
873 4012 1005 4084 flamma
1058 4058 1084 4092 „
1097 4008 1186 4082 sita.
1216 4010 1330 4084 Habet
1362 4010 1489 4103 quippe
1529 4027 1565 4082 et

501 4140 526 4172 κ
542 4116 612 4167 erat
629 4104 661 4173 in
678 4106 787 4176 rubo.
804 4105 910 4201 Quod
928 4112 1005 4182 data
1056 4154 1083 4189 υ
1096 4105 1195 4178 aliam
1221 4108 1361 4200 figuram
1381 4107 1442 4186 id,
1470 4109 1565 4196 quod

501 4237 526 4271 κ
546 4189 618 4285 lege
633 4224 696 4269 uon
711 4220 789 4272 suut
804 4225 1003 4298 cousumpta
1055 4238 1081 4288 ,ς
1096 4205 1236 4298 Moyses
1253 4201 1448 4276 discalceari
1465 4205 1476 4282 j
1482 4203 1563 4271 ube·

495 4323 525 4370 ἠ
543 4312 703 4398 peccata,
723 4301 827 4371 rubus
853 4326 912 4374 nec
939 4306 1001 4373 sub
1055 4349 1081 4386 ,‚
1097 4321 1186 4373 tur:
1215 4302 1378 4373 Veterum
1417 4322 1563 4389 namque

496 4435 521 4471 υ
542 4410 619 4481 igue
637 4398 1001 4476 concremabaturuilii
1053 4404 1303 4486 „consuetudo
1331 4415 1403 4473 erat
1427 4444 1440 4479 ,
1465 4412 1504 4470 ut
1531 4392 1561 4468 si
