4284 6125
723 1385 1280 1456 ''nxasrnnaro:“
1477 1396 1536 1490 59

476 1513 583 1574 vena
603 1481 769 1600 est,qui
792 1517 927 1604 nuper
954 1488 1075 1575 venit
1102 1492 1152 1575 ad
1172 1490 1330 1587 fidem,
1357 1511 1405 1574 ut
1439 1519 1538 1578 sunt

433 1677 437 1683 .
473 1604 698 1723 Neophiti.
714 1605 1010 1696 Mercenarios
1028 1629 1168 1695 aorem
1185 1605 1343 1722 est,qui
1356 1636 1436 1723 pro
1455 1635 1539 1697 tes·

474 1725 592 1814 renis
612 1745 775 1813 tantum
793 1727 920 1815 lucris
942 1727 1137 1828 laborat,
1171 1726 1215 1815 ἃ
1235 1729 1347 1815 nulla
1363 1729 1405 1814 in
1423 1729 1538 1817 fotu·

475 1875 526 1934 ro
553 1844 730 1961 praemia
745 1845 929 1960 requirit
952 1908 963 1931 .
997 1848 1053 1934 Hi
1074 1875 1172 1935 sane
1194 1876 1279 1932 non
1300 1870 1398 1934 sunt
1417 1847 1535 1966 digni

473 1967 703 2055 comedere
720 1963 765 2050 in
785 1993 924 2053 mensa
939 1966 1146 2067 Domini,
1163 1966 1243 2054 hoc
1260 1965 1538 2084 est,accipeto

475 2085 649 2200 Corpus
671 2083 880 2200 Christi(
910 2086 960 2201 ).

588 2203 654 2293 lbi
672 2203 838 2290 auditur
856 2200 1012 2293 Mariae
1029 2222 1275 2319 tympanum
1296 2237 1310 2308 3
1336 2229 1378 2291 et
1393 2203 1538 2292 David

475 2351 570 2411 com
590 2321 838 2411 cantoribus
859 2322 1061 2411 citharam
1082 2324 1272 2439 percutit
1296 2325 1432 2412 .Laus
1453 2323 1537 2412 Dei

474 2442 521 2529 in
539 2455 743 2556 tympano
754 2441 905 2558 (2),dc
924 2444 1057 2531 choro
1076 2443 1327 2560 praecipitur
1342 2474 1355 2547 ;
1372 2441 1417 2528 in
1432 2465 1539 2557 tym-

473 2589 601 2677 pano,
621 2588 800 2673 namque
838 2561 949 2650 sicca
969 2621 984 2661 ,
1015 2586 1059 2647 et
1078 2591 1275 2676 percussa
1295 2563 1403 2678 pelle
1422 2590 1539 2651 reso·

473 2704 576 2766 nant
594 2679 664 2768 cin
684 2681 817 2769 choro
835 2700 979 2768 antem
998 2681 1120 2770 vocis
1139 2681 1342 2769 societate
1358 2709 1537 2772 concor·

472 2800 602 2888 dant.
639 2797 848 2916 Quisquis
880 2798 1024 2912 iraque
1056 2829 1213 2919 corpus
1252 2798 1430 2917 affligit,
1461 2804 1535 2890 sed
1651 2835 1656 2845 ·

473 2920 746 3011 concordiam
763 2919 954 3020 deserit,
978 2919 1215 3010 Dominum
1244 2919 1415 3037 quidem
1451 2923 1536 3010 lau·

471 3039 541 3125 dat
567 3041 614 3128 in
634 3062 871 3155 tympano,
900 3040 969 3125 ted
1002 3072 1091 3128 non
1128 3043 1264 3129 laudat
1290 3040 1334 3128 in
1366 3041 1531 3128 choro.

471 3158 738 3277 Tympanum
756 3161 804 3247 fit
820 3190 873 3247 ex
890 3158 1013 3248 corio
1048 3159 1207 3247 mortui
1234 3156 1425 3245 animalis
1445 3217 1459 3258 ,
1490 3184 1534 3247 et

468 3274 690 3393 lignos&
728 3307 805 3364 nos
840 3280 892 3363 de
927 3274 1265 3392 nobismetipsis
1288 3300 1534 3390 tympanum

467 3393 610 3481 facere
644 3397 885 3494 debemus,
918 3413 1131 3507 ponentes
1158 3391 1536 3483 mortificationem

468 3512 611 3603 carnis
631 3542 757 3631 super
776 3512 936 3630 lignum
958 3508 1065 3597 fidei
1084 3510 1298 3601 Passionis
1333 3510 1498 3602 Christi
1518 3573 1530 3598 .
1619 3627 1620 3631 Ν

469 3633 646 3721 Cithara
679 3636 732 3719 de
752 3633 867 3750 ligno
885 3634 933 3718 fit
960 3689 975 3729 ,
1007 3655 1051 3714 et
1070 3653 1156 3718 tres
1191 3634 1316 3718 habet
1334 3631 1529 3735 chordas,

469 3776 510 3841 et
528 3781 606 3842 nos
623 3751 667 3839 in
684 3750 939 3840 fortitudine
951 3748 1166 3861 religiosae
1178 3748 1280 3838 vitae
1297 3774 1383 3838 tres
1403 3751 1531 3839 chor·
1590 3858 1598 3868 ,

465 3872 568 3972 das,
599 3872 749 3974 Fidei,
773 3871 906 3987 Spei,
938 3894 981 3957 et
998 3868 1232 3957 Charitatis
1266 3871 1419 3957 babere
1454 3872 1530 3956 de-

465 3993 640 4078 bemus.
675 3995 721 4079 In
741 3991 901 4080 cithara
919 4011 1060 4078 cantat
1099 3987 1172 4104 qui
1204 3991 1333 4078 corda
1365 4012 1532 4076 tumen·

464 4106 520 4195 tia
549 4112 709 4225 placat.
742 4109 869 4198 Tibia
885 4113 1010 4228 longe
1027 4133 1180 4210 sonat;
1215 4129 1259 4194 et
1277 4137 1354 4195 nos
1374 4136 1527 4193 vocem

460 4229 818 4344 praedicationis,
866 4253 910 4323 et
938 4234 1067 4317 bonae
1107 4225 1372 4342 operationis
1402 4225 1529 4341 longe

461 4347 660 4442 emittere
685 4353 890 4445 debemus
926 4412 938 4440 .
981 4351 1078 4470 Ipse
1109 4377 1290 4470 namque
1333 4344 1530 4472 Sponsus

417 4580 420 4585 ’
488 4577 542 4660 (r)
564 4576 656 4659 Hoc,
670 4578 697 4652 si
715 4580 757 4652 ad
777 4578 972 4674 Neophitos
1021 4578 1070 4654 Hi
1087 4597 1231 4669 namque
1248 4571 1341 4669 digni
1370 4574 1529 4666 profecto

462 4671 655 4758 referatur,
681 4678 725 4749 de
746 4675 814 4749 illis
836 4694 971 4748 nonest
1020 4693 1121 4757 sunt,
1153 4672 1212 4768 qui
1240 4695 1366 4767 corpus
1390 4665 1529 4770 Christi

464 4764 754 4862 intelligendum,
783 4774 843 4869 qui
864 4772 975 4846 iniria·
1022 4775 1229 4847 comedant.
1345 4813 1347 4817 2
1435 4805 1438 4812 ¹
1515 4780 1519 4786 “

467 4864 494 4935 ti
514 4863 723 4956 Baptismate
737 4890 814 4945 sunt
831 4921 843 4953 ,
859 4874 975 4945 fidem·
1050 4882 1106 4966 (2)
1122 4869 1282 4945 Prakes.
1297 4895 1333 4971 4·

464 4985 536 5062 que
550 4964 720 5041 exanimo
733 4987 971 5065 susceperunt.
