4284 6125
621 1316 711 1432 364
858 1331 1124 1399 mvmonum
1156 1332 1439 1400 officiorum

622 1439 779 1549 scripta
796 1455 859 1517 est
889 1455 1066 1547 propter
1087 1461 1251 1546 capram
1272 1493 1285 1534 ,
1303 1434 1422 1545 Juvis
1444 1430 1668 1523 nutricem
1690 1459 1705 1538 ,‘

620 1558 738 1666 cujus
752 1553 1032 1670 posteriorem
1052 1577 1213 1663 partem
1230 1554 1426 1666 corporis
1445 1551 1488 1637 in
1512 1554 1709 1672 effigiem

620 1675 749 1794 piscis
782 1672 878 1758 ideo
908 1668 1200 1755 formaverunt
1224 1731 1237 1769 ,
1257 1692 1302 1756 ut
1333 1672 1492 1787 pluvias
1511 1673 1710 1781 eiusdem

618 1791 826 1908 temporis
848 1789 1150 1904 designarent,
1184 1818 1284 1902 quas
1315 1792 1420 1876 solet
1436 1791 1553 1876 idem
1592 1824 1708 1879 men·

620 1915 676 2000 sis
715 1913 959 2024 pierumque
995 1904 1039 1989 in
1065 1908 1268 1994 extremis
1288 1909 1485 1996 habere.
1519 1912 1709 2002 Etsicut

620 2062 744 2148 capra
777 2053 940 2144 pastum
974 2025 1126 2136 quaerit
1159 2026 1203 2110 in
1239 2027 1487 2126 montibus,
1527 2030 1592 2115 ita
1625 2035 1708 2120 hoc

617 2175 810 2268 tempore
830 2150 891 2236 soi
910 2142 1042 2232 mittit
1064 2144 1202 2231 radios
1220 2175 1320 2233 suos
1348 2149 1399 2232 ad
1431 2168 1612 2237 montes
1635 2214 1647 2236 .

1005 2380 1304 2471 CXCVII.

625 2608 627 2613 ⁴
683 2593 744 2652 DE
776 2590 923 2651 MENSE
956 2590 1244 2660 FEBRUARIO,
1277 2590 1333 2648 ET
1353 2589 1452 2656 EIUS
1485 2589 1627 2653 SIGNO

733 2739 983 2827 Februarius
1002 2744 1076 2858 (1)
1094 2742 1248 2829 dicitur
1267 2773 1288 2826 a
1305 2741 1459 2827 Februo
1478 2800 1492 2839 ,
1514 2744 1601 2832 hoc
1620 2763 1700 2844 est,

617 2889 640 2945 a
658 2861 830 2945 Plutone
864 2918 878 2960 ,
914 2887 959 2946 et
991 2891 1074 2948 non
1094 2895 1114 2946 a
1121 2863 1237 2971 febre
1257 2893 1270 2962 ;
1304 2861 1370 2947 cui
1391 2891 1443 2946 eo
1464 2889 1614 2950 mense
1643 2893 1699 2950 sa·

613 2978 888 3081 crificabant.
928 2978 1103 3094 Signum
1138 2977 1353 3067 Februarii
1376 3004 1438 3065 est
1461 2979 1694 3093 Aquarius.

610 3097 824 3214 Aquarius
844 3099 894 3183 ab
916 3097 1122 3185 imbribus
1151 3125 1325 3188 vocatus
1348 3123 1439 3198 est,
1472 3101 1573 3210 quia
1604 3105 1695 3213 hye-

610 3248 677 3305 me
699 3280 715 3319 ,
752 3221 920 3334 quaudo
944 3218 987 3303 in
1009 3218 1071 3304 his
1093 3218 1220 3335 signis
1241 3221 1304 3307 sol
1326 3216 1488 3310 vehitur
1511 3277 1527 3317 ,
1566 3221 1696 3330 maju-

500 3420 506 3431 ,
553 3449 556 3459 Ι
609 3366 676 3422 res
706 3340 865 3452 pluviae
897 3337 1238 3450 perfunduntur.

610 3505 820 3629 Humidus
843 3515 936 3600 iude
947 3517 1083 3600 locum
1115 3514 1520 3636 conlucetAqrrarr'rrs
1536 3517 1690 3609 orbem.

618 3808 1122 3905 '(1)S.Isidoruslocopr0xi·
1176 3814 1435 3898 „Februarium
1466 3813 1547 3885 Diis
1582 3811 1695 3886 mani·

610 3934 665 3983 me
681 3910 741 3981 cit.
755 3959 781 3992 ,‚
808 3909 1009 3980 Februarius
1039 3936 1122 3983 nun·
1174 3962 1199 3999 „
1214 3915 1276 3983 bus
1301 3910 1446 3984 Romani
1463 3934 1695 3984 consecrave-

608 4054 635 4094 „
650 4023 797 4103 cupatur
811 4032 829 4076 a
846 4006 1004 4086 Februo,
1022 4008 1119 4091 idest,
1172 4058 1196 4095 ‚‚
1215 4026 1314 4080 runt.
1341 4010 1432 4104 Ergo
1448 4007 1657 4087 Februarius
1671 4035 1693 4086 a

606 4151 636 4190 „
651 4129 668 4174 a
682 4103 851 4185 Plutone,
870 4103 926 4175 cui
947 4122 987 4172 ¹to
1006 4127 1118 4176 mense
1172 4159 1197 4192 „
1212 4107 1370 4188 Februo,
1398 4107 1485 4177 idest
1501 4152 1511 4176 .
1527 4132 1546 4177 a
1565 4104 1694 4179 1>1ut04

606 4247 633 4288 „
648 4200 924 4272 sacrificabatur.
951 4201 1038 4272 Nam
1065 4203 1121 4286 Ja-
1172 4255 1196 4290 ‚,
1209 4227 1250 4276 ne
1267 4252 1277 4285 ‚
1308 4228 1374 4274 non
1390 4228 1408 4274 a
1426 4205 1522 4275 febre
1539 4253 1550 4285 ,
1571 4203 1689 4291 idest,

604 4344 633 4385 .,
654 4298 811 4373 nuarium
843 4296 923 4395 Diis
962 4301 1118 4396 ruperis,
1170 4350 1196 4389 „
1212 4301 1414 4397 aegritudine
1427 4301 1688 4390 nominatum„
