4284 6125
592 1264 680 1359 ³32
831 1266 1101 1333 utvntotuur
1130 1246 1416 1333 ornuronurt

592 1392 615 1449 a
638 1378 783 1480 pente,
799 1362 913 1477 quod
932 1383 993 1448 est
1009 1363 1214 1481 quinque,
1230 1361 1274 1451 ἃ
1289 1362 1586 1477 cananense
1602 1368 1665 1457 esi

591 1485 724 1569 decem
740 1511 753 1581 ;
771 1502 813 1567 et
830 1506 1006 1569 vocatur
1025 1478 1276 1573 Pentecostes
1291 1479 1666 1619 quinquagesimus

593 1599 684 1687 dies
703 1629 724 1684 a
741 1603 919 1689 Pascha.
939 1598 1306 1737 Quinquegesimo
1325 1598 1439 1715 euim
1456 1602 1530 1687 dre
1547 1604 1663 1689 dutut'

592 1741 657 1805 est
687 1717 874 1831 Spiritus
906 1719 1086 1831 Sanctus
1121 1718 1338 1835 discipulis
1370 1716 1414 1803 iu
1449 1716 1662 1835 superiori

591 1841 846 1938 coenaculo,
878 1837 960 1925 illis
981 1838 1305 1952 expectantibus
1334 1837 1569 1925 adventum
1591 1834 1663 1941 3&

592 1982 654 2043 est
681 1958 801 2045 dutus
832 1957 877 2044 in
907 1956 1058 2075 linguis
1077 1956 1244 2075 igneis,
1271 1981 1318 2042 ut
1333 1953 1505 2045 iucundi
1527 1980 1664 2045 essent

586 2072 634 2163 in
654 2077 770 2191 omni
795 2106 950 2192 genere
966 2104 1208 2163 sermonum
1227 2096 1241 2181 ;'
1259 2074 1357 2163 ideo
1374 2074 1420 2161 in
1436 2072 1581 2197 igneis
1595 2094 1666 2195 ,ut

585 2191 953 2287 inflammarentur
974 2223 1117 2285 amore
1139 2192 1385 2283 charitatis.

1000 2432 1285 2523 mxxvii·
1403 2514 1409 2523 ,
1533 2400 1537 2407 ’
1658 2356 1664 2367 ’

961 2592 1300 2703 nunonem

677 2794 726 2877 in
749 2792 823 2879 huc
848 2788 916 2877 die
936 2790 1120 2908 Spiritus
1137 2778 1317 2881 Sanctus
1335 2812 1464 2905 super
1482 2782 1668 2907 discipu·

592 2910 656 2998 los
684 2910 729 2996 in
761 2908 861 3026 igne
892 2910 1175 3000 demonstrati
1208 2906 1390 3008 debuit,
1421 2927 1469 2992 ut
1492 2902 1563 3009 ii,
1594 2903 1666 3025 qui

593 3057 717 3119 erant
746 3027 999 3144 simpliciter
1022 3030 1381 3142 homines,atque
1400 3024 1497 3113 ideo
1520 3046 1667 3140 pesce·

589 3175 730 3252 tores,
748 3181 823 3239 eus
845 3176 994 3238 contra
1009 3148 1260 3265 semetipsos
1279 3142 1666 3264 spirituaiisfervor

585 3276 877 3374 accenderem
908 3269 951 3359 ἃ
975 3295 1147 3386 peccata
1175 3298 1302 3382 ,quae
1319 3269 1438 3354 Deus
1456 3293 1534 3380 per
1556 3295 1667 3354 mun·

592 3390 857 3475 suetudinem
878 3391 1062 3477 sustinet
1081 3451 1094 3490 ,
1113 3388 1193 3505 ipsi
1213 3387 1256 3472 in
1276 3417 1321 3474 se
1354 3416 1428 3501 pet
1450 3386 1667 3500 poeniteu-

596 3506 698 3592 tiam
719 3506 951 3619 punirent:
980 3539 1066 3594 nnn
1097 3509 1209 3593 enim
1237 3536 1323 3592 esse
1351 3527 1549 3623 poterant
1576 3505 1669 3591 sine

589 3651 800 3739 peccato,
834 3627 931 3740 quia
967 3631 1040 3747 (r)
1058 3628 1327 3714 adhaerebant
1355 3622 1511 3714 caelesti
1537 3621 1661 3738 mugi·

596 3740 732 3829 st'erio
753 3803 768 3842 ,
796 3746 955 3854 Joanne
981 3770 1207 3835 attestante
1225 3807 1239 3844 ,
1257 3744 1327 3856 qui
1346 3741 1488 3860 uit(2)
1506 3772 1519 3827 t
1539 3741 1587 3825 Si
1596 3741 1662 3826 di·

593 3862 777 3948 serimus
790 3921 803 3961 ,
818 3845 914 3978 quia
926 3889 1137 3979 peccatum
1154 3898 1235 3952 non
1253 3865 1443 3950 habemus
1458 3880 1661 3957 ,nosmet-

584 3980 695 4093 ipsos
724 3984 986 4085 seducimus,
1018 3988 1063 4081 ir
1079 3986 1228 4074 veritus
1256 3983 1296 4066 in
1328 3980 1437 4068 nobis
1465 4007 1544 4062 non
1563 4000 1628 4065 est
1646 4042 1671 4080 .,

585 4103 635 4187 In
656 4100 753 4217 igne
770 4130 886 4187 entm
906 4104 1031 4189 venit
1051 4103 1095 4190 in
1115 4102 1356 4188 hominibus
1371 4158 1387 4201 ,
1401 4094 1445 4184 iu
1465 4096 1666 4216 cnoiumbtt

582 4245 694 4305 vero
716 4221 911 4333 apparuit
946 4222 990 4308 in
1010 4221 1202 4308 Domino
1227 4253 1241 4326 ;
1274 4219 1372 4333 quiu
1399 4240 1571 4332 peccatu
1589 4225 1672 4324 noi

588 4359 707 4434 stra,
739 4368 834 4451 quae
855 4339 924 4455 pie
943 4343 1162 4429 Dominus
1191 4368 1265 4456 per
1300 4335 1679 4423 mansuetudinem·

586 4453 775 4557 toietat,
806 4488 884 4545 nos
913 4489 990 4575 per
1013 4462 1149 4548 zelum
1166 4455 1439 4550 rectitudinis
1463 4456 1680 4552 debemus*

610 4712 1099 4832 (t)··1taposuinus.c0u.qnt
1172 4717 1392 4817 (unumst.
1410 4672 1463 4784 8.Ι
1578 4743 1583 4751 -
1674 4737 1683 4748 -
