4284 6125
811 860 1234 921 uxnntcnnro.
1469 853 1553 953 509

494 953 640 1036 rabilis
661 1014 674 1050 ,
710 949 803 1064 quia
825 967 947 1039 multa
980 985 1094 1069 signu
1132 954 1259 1037 lecit:
1290 955 1368 1040 Vel
1388 955 1482 1067 quia
1502 965 1549 1042 ab

496 1072 683 1158 Orrente
703 1078 899 1183 usquead
920 1075 1124 1159 occasum
1142 1072 1406 1182 Evangelium
1429 1076 1555 1162 Chri-

491 1194 548 1274 sti
574 1191 617 1274 in
637 1194 832 1277 omnrbut
850 1193 1046 1309 gentibus
1066 1188 1341 1307 praedicavit.
1369 1192 1549 1295 Electus,

489 1306 604 1395 sicut
622 1308 664 1392 in
684 1308 863 1396 Acribus
883 1310 1191 1423 Apostolorum
1210 1305 1463 1426 dicitur(1)e
1481 1317 1549 1400 Se·

486 1450 663 1544 gregare
698 1429 796 1515 milti
816 1431 1078 1527 Burnubum,
1109 1450 1149 1514 et
1171 1428 1341 1513 Paulum
1358 1427 1399 1510 in
1418 1459 1544 1542 opus,

489 1551 603 1660 quod
618 1547 722 1664 elegi
736 1578 826 1632 eor.
848 1547 915 1632 Ex
931 1546 1066 1632 Tribu
1086 1545 1198 1631 enim
1217 1541 1432 1632 Beniamin
1448 1550 1553 1634 Pan-¹

492 1663 556 1748 lut
571 1661 649 1748 luit
670 1695 682 1767 ;
701 1665 915 1751 Beniamin
931 1667 1004 1783 (2)
1022 1664 1321 1779 interpretatur
1340 1664 1457 1779 lupus
1474 1670 1548 1783 (3)

494 1810 654 1894 rapax,
688 1783 759 1896 qui
783 1814 901 1870 mane
920 1783 1105 1871 comedit
1135 1784 1316 1896 praedam
1338 1842 1351 1881 ,
1373 1811 1560 1896 vespere.

495 1900 651 1987 dividit
670 1900 804 2015 spolia
827 1967 837 1988 .
871 1907 1009 2022 Quam
1022 1905 1074 1987 de
1091 1904 1218 1988 Paulo
1232 1903 1445 2014 Apostolo
1466 1932 1549 1991 rna·

497 2018 765 2106 nifestissima
798 2021 1023 2136 prophetia
1056 2017 1142 2116 sit,
1178 2020 1373 2105 omnibus
1403 2045 1545 2132 patet,

498 2139 611 2250 quod
637 2138 681 2223 in
716 2138 999 2228 adolescentia
1032 2159 1273 2252 persecutus
1291 2138 1548 2241 Ecclesiam,

498 2255 543 2343 in
573 2280 790 2351 ,senectute
838 2256 1093 2375 praedicator
1128 2254 1342 2374 Evangelii
1373 2253 1500 2345 luerit
1532 2324 1544 2347 .

525 2448 579 2530 (1)
598 2444 675 2512 Act.
686 2445 770 2514 1111.
790 2467 822 2512 2.
839 2451 998 2541 Segrega·
1037 2446 1080 2527 '„
1094 2442 1189 2514 Tunc
1215 2443 1304 2514 euim
1337 2447 1463 2518 mundo
1479 2445 1550 2539 pri·

499 2555 531 2610 te
547 2537 629 2608 mllrl
646 2537 805 2620 Seulum,
823 2556 855 2619 et
871 2550 997 2612 Barna·
1053 2565 1146 2624 „ma
1174 2541 1313 2635 quldem
1342 2541 1547 2617 illuminatio

500 2635 575 2706 bem
592 2635 743 2731 inopus,
771 2637 815 2707 ad
840 2641 929 2735 quod
940 2662 994 2710 ar·
1053 2686 1079 2724 ‚,
1093 2636 1239 2711 acientiae
1253 2641 1329 2709 data
1343 2657 1404 2711 est.
1424 2640 1553 2711 Come·

499 2732 624 2829 sumpsi
641 2753 717 2806 eos.
1055 2735 1146 2819 „dit
1174 2752 1287 2807 autem
1310 2760 1436 2818 mane;
1470 2736 1550 2829 quia

526 2837 580 2920 (2)
599 2829 782 2901 &Isidorus
797 2831 995 2906 Comment.
1055 2880 1080 2916 ,‚
1099 2832 1236 2925 legem,
1262 2855 1361 2926 quam
1381 2856 1478 2904 mane
1494 2857 1551 2905 ac-

502 2924 536 2997 in
551 2928 658 2996 Exod.
679 2931 996 3026 cap.xrx1.p.448.
1054 2978 1080 3012 ,‚
1093 2929 1208 3022 eepit,
1227 2928 1377 3001 comedit
1393 2979 1404 3011 ,
1422 2946 1457 3001 et
1476 2954 1549 3002 me·

501 3022 682 3108 „Dicitur
708 3024 797 3098 eninr
821 3026 997 3108 Beniamin
1054 3077 1080 3113 ‚,
1095 3029 1235 3110 ditatur,
1252 3026 1331 3100 licet
1344 3050 1486 3122 sequeus
1503 3027 1553 3100 le·

502 3169 527 3208 ‚,
542 3123 656 3213 Lupus
673 3145 796 3215 rapax.
811 3127 925 3219 Lupus
938 3123 997 3197 sti·
1054 3148 1171 3219 „gem
1199 3122 1339 3206 iustitlae
1379 3123 1413 3198 ln
1442 3122 1554 3221 legem
1667 3176 1669 3180 -

502 3267 528 3302 ,‚
541 3219 648 3302 lieet,
667 3220 746 3316 qula
761 3219 832 3315 ipse
850 3221 996 3316 populus
1055 3272 1083 3307 ‚,
1101 3221 1179 3295 fidei
1199 3245 1267 3294 non
1279 3221 1484 3315 pervenerit.
1498 3225 1555 3296 Ad

502 3364 528 3401 ‚‚
543 3314 661 3389 elludit
688 3321 882 3413 sanguinem
910 3320 997 3391 Pro·
1054 3342 1269 3412 „vesperam
1298 3319 1559 3398 autemdiridet

504 3461 529 3498 „
548 3417 748 3509 pheneum,
774 3437 875 3513 atque
890 3419 999 3504 iusto-
1056 3468 1083 3503 „
1095 3417 1226 3511 spolia.
1241 3418 1390 3510 Vespera
1403 3437 1454 3492 eat
1467 3418 1555 3514 illud

504 3558 530 3595 2,
544 3535 619 3585 rum
634 3541 643 3582 t
667 3534 767 3605 rapax
782 3534 893 3586 autem
921 3538 1000 3608 pro·
1058 3565 1083 3601 „
1098 3532 1231 3608 tempus
1244 3515 1475 3599 novissimum,
1485 3540 1556 3611 quo

506 3629 621 3702 „pter
638 3610 776 3684 multam
804 3612 999 3685 aviditatem
1060 3663 1086 3698 „
1101 3630 1319 3697 convertetur
1335 3662 1345 3683 .
1360 3614 1454 3686 Tunc
1471 3638 1556 3707 ergo

506 3752 533 3788 ,‚
548 3707 699 3782 dieitur.
724 3711 774 3782 Er
789 3709 896 3783 multa
911 3711 1001 3783 eninr
1060 3711 1231 3795 „dividet
1247 3734 1369 3785 eseame
1383 3711 1461 3804 quia
1475 3729 1558 3783 tunc

508 3844 534 3883 a,
548 3802 636 3884 fame
650 3807 747 3878 verbi
763 3806 856 3889 Dei,
883 3827 917 3880 et
931 3809 1003 3880 ine·
1062 3857 1088 3893 ‚‚
1105 3807 1271 3901 intelliget
1298 3857 1309 3890 ‚
1340 3808 1557 3880 dividendam

510 3942 536 3979 η
550 3899 606 3975 dia
618 3903 712 3974 veuit
725 3927 849 3997 rapaxt
875 3905 955 3997 quia
969 3922 1003 3976 tt
1063 3953 1089 3990 „
1105 3930 1175 3978 esse
1192 3905 1323 3978 literam
1340 3930 1359 3976 a
1375 3905 1508 3997 spiritua
1522 3920 1558 3974 et

510 4039 536 4077 ‚‚
554 3994 624 4086 ipse
652 3999 819 4073 violenter
862 4002 1004 4095 diripuit
1064 4052 1089 4087 ,‚
1102 4023 1182 4076 tuno
1196 4018 1378 4095 cognoscet
1392 4048 1403 4081 ‚
1418 4000 1498 4093 quia
1514 3998 1556 4070 lr'·

512 4136 539 4173 n
555 4114 693 4184 regnum
708 4098 790 4170 Dei.
806 4095 874 4170 Hic
892 4118 1004 4174 autem
1065 4147 1092 4184 „
1108 4117 1179 4171 tera
1193 4101 1331 4179 occidit,
1344 4098 1479 4193 spr‘rr'rrrs
1494 4120 1558 4169 au,

512 4234 537 4271 n
554 4213 648 4268 mane
669 4196 819 4268 eomedit
835 4198 1006 4286 predam.
1065 4214 1167 4281 „rem
1183 4191 1337 4280 vivificat
1349 4241 1360 4264 .
1374 4242 1399 4277 ,‚

510 4333 537 4369 ‚‚
552 4287 651 4358 Mane
668 4288 751 4375 illud
759 4293 912 4375 ereditur
926 4310 1007 4374 tem·
1090 4303 1144 4391 (3)
1163 4295 1287 4374 Genea·
1304 4307 1406 4368 xttx·
1427 4315 1485 4390 27.

510 4431 535 4471 ,,
548 4408 610 4478 pus
624 4435 637 4470 ,
652 4411 722 4480 quo
737 4388 845 4484 legem
861 4389 1002 4483 accepit.
