4284 6125
1416 1052 1427 1081 ἱ

610 1352 709 1463 448-
851 1366 1120 1435 nrmuununt
1141 1350 1433 1435 oestutur'ttt'ut
1475 1442 1483 1453 ,

898 1518 903 1529 ’
1021 1578 1307 1670 uexat.-

820 1788 881 1851 un
913 1786 1152 1851 cotuauuts
1181 1786 1236 1847 ne
1261 1780 1481 1861 nosmet
1500 1726 1506 1739 ⁵

731 1942 778 2024 lu
800 1940 880 2027 hoc
897 1964 1091 2055 tempore
1109 1946 1257 2031 omues
1274 1934 1488 2027 Collectte
1505 1932 1622 2025 laune
1639 1932 1692 2021 ἧι·

615 2084 713 2146 nem
752 2058 907 2144 habent
938 2118 951 2157 ,
985 2056 1147 2145 scilicet
1178 2054 1266 2179 Qui
1294 2074 1426 2145 tecam
1472 2054 1611 2159 uitale,
1642 2070 1694 2143 et·

614 2194 789 2309 regnan
825 2177 891 2263 vel
907 2176 992 2287 Qal
1007 2177 1138 2277 ainis,
1171 2196 1213 2267 et
1227 2202 1408 2295 regnas.
1444 2172 1502 2263 Et
1531 2168 1681 2295 Sancti

613 2300 759 2383 Patres
789 2302 1081 2409 praecedentes
1105 2320 1256 2415 magno
1288 2288 1502 2381 desiderio
1535 2300 1692 2409 preco*

616 2416 768 2500 bantur
793 2417 993 2515 Patrem,
1024 2436 1070 2503 ut
1089 2412 1241 2503 Filium
1264 2410 1495 2525 mitteret,
1511 2414 1601 2501 'vel
1613 2408 1702 2521 lli-r

618 2532 762 2629 lium,
793 2554 840 2619 ut
873 2536 922 2621 ad
957 2534 1148 2621 homines
1179 2528 1673 2628 redimendot'veniret.

617 2648 819 2739 Similiter
846 2675 1068 2767 sequentes
1100 2650 1146 2739 iu
1165 2680 1254 2739 uuo
1285 2644 1496 2739 desiderio
1527 2662 1690 2765 secun?

506 2878 508 2883 Ι
617 2770 716 2855 dum
750 2771 975 2859 adventum
1006 2771 1228 2887 cupientes
1258 2790 1383 2857 orant
1402 2768 1600 2869 Patren,
1630 2792 1682 2855 ut

615 2886 757 2974 mittat
777 2886 924 2975 Filium
943 2891 993 2976 ad
1012 2887 1307 3001 judicandum
1333 2886 1401 2973 vel
1418 2880 1601 2989 Filium,
1632 2908 1681 2975 ut

616 3006 760 3094 veniat
788 3009 836 3093 ad
853 3004 1121 3116 judicandum
1144 3069 1159 3112 ,
1190 3026 1235 3095 et
1252 3034 1325 3096 ens
1343 3004 1600 3094 aeternaliter
1616 3032 1681 3092 re·

599 3121 942 3215 munerandum.
961 3130 1008 3212 ln
1026 3128 1117 3216 aliis
1138 3156 1242 3215 vero
1259 3123 1520 3239 temporibus
1541 3189 1553 3224 ,
1585 3153 1681 3213 cum

614 3248 667 3332 de
703 3245 1034 3362 temporalibus,
1064 3250 1130 3334 vel
1161 3242 1334 3336 aeternis
1356 3243 1575 3331 beneficiis
1603 3243 1682 3330 in·

617 3369 859 3483 ploramus,
889 3359 1148 3479 alloquentes
1169 3370 1330 3452 Patrem
1364 3362 1574 3451 dicimus:
1608 3365 1682 3450 Per

617 3486 837 3572 Dominum
870 3507 1105 3586 nostrum'3
1148 3507 1298 3573 cuncta
1330 3483 1445 3572 enim
1479 3481 1681 3582 beneficit

619 3605 830 3689 ministrat
847 3604 967 3691 Pater
985 3633 1062 3720 per
1083 3603 1261 3691 Filium,

1004 3837 1041 3929 C
1063 3837 1099 3929 C
1117 3840 1158 3927 Χ
1173 3840 1207 3927 L
1223 3842 1240 3924 l
1258 3841 1289 3924 1.

765 4039 875 4140 putu
906 4039 1079 4104 neuneu
1113 4046 1218 4108 aeus
1249 4047 1300 4106 ant
1328 4043 1541 4105 inventu

736 4193 783 4272 ln
800 4189 1000 4310 Adventu
1017 4196 1198 4293 Domini
1235 4193 1386 4312 legitur
1405 4194 1527 4282 Isaiae
1543 4215 1685 4302 usqne

619 4305 663 4398 in
682 4306 879 4425 Vigiliam
908 4312 1159 4404 Natiuitatis
1186 4312 1399 4412 Domini,
1429 4315 1529 4425 quia
1552 4337 1690 4422 quan·

619 4446 665 4506 to
697 4426 748 4509 de
783 4427 957 4520 Christo
1010 4433 1283 4549 prophetavit
1330 4428 1521 4536 clarius,
1560 4449 1689 4518 tanto

617 4541 841 4633 Nativitati
859 4548 947 4661 ejus
968 4553 1119 4670 legitur
1139 4550 1321 4641 vicinius
1343 4610 1354 4637 .
