4284 6125
573 1311 669 1402 286·
821 1333 1090 1399 nrvruonuru
1120 1320 1405 1396 orrroronort

569 1454 783 1544 seipsum,
802 1434 874 1544 qui
894 1461 1020 1517 verus
1038 1458 1167 1546 agnus
1185 1415 1544 1543 etat,Discipulis
1562 1420 1652 1512 suin

573 1551 723 1651 dedit3
751 1574 795 1635 et
830 1552 890 1638 sic
922 1551 1102 1638 veritate
1132 1548 1336 1665 impleta,
1368 1548 1574 1634 tolluntur
1605 1568 1651 1631 et

574 1693 738 1757 cessant
759 1670 942 1787 figuralia
962 1732 973 1756 .
1568 1730 1571 1735 ·

692 1790 1006 1877 Sacramentum
1043 1784 1256 1904 Corporis
1290 1782 1454 1873 Christi
1483 1812 1509 1871 a
1537 1810 1654 1872 corn·

575 1904 779 1993 munione
804 1940 915 1999 crrno
933 1911 1164 2025 appellatur
1181 1909 1287 2026 (ι),
1313 1906 1412 2021 quia
1427 1928 1653 1993 commuue

576 2028 704 2112 debet
723 2056 813 2114 esse
848 2033 1044 2116 omnibus
1078 2028 1301 2126 fidelibus,
1330 2051 1378 2113 ut
1407 2016 1653 2114 benedictio

576 2170 640 2233 est
671 2177 783 2246 una,
816 2171 857 2235 et
887 2148 1154 2236 communis.
1187 2152 1324 2269 Quam
1345 2140 1653 2234 Eucharistiarn

575 2263 677 2351 ideo
711 2289 808 2380 post
828 2297 992 2355 coenam
1024 2266 1218 2355 Salvator
1252 2289 1396 2355 noster
1416 2256 1651 2379 Discipulis

579 2384 738 2486 tradit,
775 2387 872 2500 quia
913 2416 1083 2475 necesse
1103 2410 1192 2475 erat
1223 2384 1376 2476 Pascha
1406 2384 1507 2473 illud
1541 2378 1656 2494 typi-r

580 2531 675 2591 eum
691 2528 786 2593 ante
804 2533 1114 2607 consummare,
1129 2532 1172 2593 et
1190 2505 1249 2595 sic
1268 2508 1318 2595 ad
1335 2532 1481 2591 verum
1497 2500 1653 2587 Pascha

579 2623 792 2709 transire.
831 2624 962 2742 Quasi
985 2648 1130 2741 aperto
1156 2624 1268 2714 dieat
1286 2657 1298 2712 t
1318 2624 1396 2711 llic
1418 2626 1545 2710 finem
1565 2646 1656 2705 orn·

579 2741 706 2826 nibus
741 2743 937 2858 legalibus
957 2745 1239 2834 observantiis
1270 2772 1432 2863 pono,
1479 2736 1524 2829 ἃ
1556 2761 1655 2827 ecce

581 2889 742 2947 novum
760 2862 1009 2953 sacrificium
1026 2863 1205 2953 instituo
1226 2928 1237 2950 .

689 3188 749 3246 DE
777 3189 894 3250 tuus
923 3191 1081 3254 'turnus
1111 3195 1304 3265 omnus,
1336 3192 1411 3271 our
1442 3183 1551 3245 sunu

966 3312 1086 3372 ANTE
1118 3314 1277 3374 Pascua

703 3463 855 3551 Poscat
883 3488 1023 3556 vestra
1046 3462 1255 3564 charitas,
1287 3463 1401 3576 quod
1431 3458 1475 3544 in
1510 3455 1655 3542 diebus

585 3576 846 3670 solemnibus
865 3644 879 3684 ‚
909 3611 1110 3696 quantum
1127 3611 1380 3702 possumus,
1411 3577 1574 3665 Altaria
1591 3601 1655 3659 ot·

587 3702 839 3785 namus.1n
876 3705 1104 3789 bisantem
1137 3704 1270 3791 tribus
1305 3703 1454 3788 diebus
1489 3729 1512 3784 a
1539 3717 1660 3782 coena

588 3811 767 3902 Domini
804 3878 818 3919 ‚
862 3825 1070 3936 usquein
1104 3828 1320 3910 sabbatum
1365 3821 1661 3908 denudamus,

590 3954 792 4043 quatenus
826 3938 960 4057 fugam
997 3944 1301 4057 Apostolorum
1328 3937 1609 4050 'designemus
1648 3955 1662 4030 ;

591 4053 704 4139 unde
721 4082 783 4143 est
800 4061 872 4179 (a)
891 4094 903 4147 ε
938 4063 993 4150 Et
1016 4065 1218 4153 relicturo
1238 4123 1252 4163 ,
1286 4056 1661 4173 omuesfrrgerunt·

618 4231 672 4311 (1)
692 4228 938 4316 illimatum,
965 4262 1028 4309 cut
1045 4240 1106 4309 Sa·
1157 4237 1360 4311 memoratio
1368 4234 1545 4329 postrenrae
1563 4239 1664 4292 coenrt

592 4342 799 4433 uramentum
814 4329 984 4422 Corporis
1000 4334 1107 4406 Chri·
1155 4332 1300 4408 Domini
1333 4357 1363 4424 3.
1379 4328 1457 4423 quia
1470 4321 1666 4398 accedentes

593 4436 637 4490 str
653 4428 744 4494 cuna
757 4429 931 4500 Dominr'ra
954 4431 1105 4524 appelle-
1153 4436 1195 4505 ad
1220 4438 1285 4505 hoc
1301 4433 1554 4503 Sacramentum
1575 4418 1668 4527 ⁶9⁹.

595 4531 672 4627 tuf,
686 4520 829 4596 afferunt
842 4527 1035 4622 theologi,
1053 4531 1104 4602 ni·
1151 4555 1236 4625 pore
1252 4580 1265 4612 ‚
1292 4548 1327 4602 et
1341 4525 1507 4622 Sanguine
1522 4519 1671 4592 Domrnt

595 4624 1033 4715 m1rum1.quiaaChristo
1049 4653 1109 4698 ve·
1156 4629 1376 4700 reficiuntur.
1440 4703 1441 4707 ,

595 4732 694 4802 spere
716 4717 749 4789 in
767 4744 860 4793 crena
874 4723 940 4795 fuit
957 4725 1106 4816 primurn
1181 4732 1234 4812 (2)
1256 4726 1485 4794 Matthmtvt·
1504 4733 1521 4801 5
1528 4720 1563 4785 6·
1582 4717 1672 4781 Tm

595 4811 775 4901 instituta,
802 4838 836 4891 et
863 4820 1031 4891 celebrata
1046 4822 1111 4893 Eu·
1160 4820 1325 4915 Discipuli
1335 4840 1459 4901 omnes,
1472 4812 1590 4889 relicta
1605 4830 1671 4887 eta

595 4912 756 4987 charistia
782 4942 817 4990 2·
832 4918 912 5009 quia
935 4934 988 4989 est
1013 4941 1110 4994 toru-
1153 4917 1342 5009 fugerunt.
1649 4921 1656 4936 ¹
