4284 6125
534 1338 595 1436 5'4
781 1341 1054 1404 mvntortnnt
1087 1339 1373 1405 ornrcroausr

537 1465 607 1525 rur
627 1443 791 1558 nuptiae
811 1433 921 1519 inter
942 1434 1186 1547 Sponsum,
1204 1456 1244 1522 et
1262 1435 1493 1550 Sponsam,
1526 1437 1610 1527 hoc

539 1580 635 1650 est,
667 1585 781 1642 rnrer
819 1552 1071 1649 Christum,
1107 1550 1148 1637 dt
1183 1553 1440 1640 Ecclesiam.
1474 1554 1525 1639 Et
1559 1555 1607 1641 fit

539 1672 791 1765 convivium
812 1698 1039 1785 magnum,
1075 1670 1156 1760 hoc
1175 1698 1237 1761 est
1252 1733 1265 1774 ,
1279 1671 1426 1758 laetitia
1444 1702 1606 1792 magna.

537 1788 779 1882 Invitantur
817 1787 970 1890 multi,
1002 1786 1249 1903 &juvenes
1285 1790 1486 1880 videlicet
1517 1852 1533 1894 ,
1564 1814 1609 1880 et

540 1938 690 2002 serres.
1060 1974 1062 1979 -

659 2034 920 2142 Praeparatur
954 2039 1140 2134 rnensa'3
1187 2031 1277 2120 haec
1316 2028 1429 2118 enirn
1466 2058 1609 2120 mensa

536 2172 603 2238 est
623 2150 747 2238 Sacra
765 2147 987 2265 Scriptura
1015 2210 1029 2250 ,
1061 2176 1158 2262 quae
1193 2172 1375 2263 quatuor
1404 2173 1609 2240 sustenta·

540 2295 608 2356 tur
636 2266 876 2367 columnis,
911 2267 1109 2356 videlicet
1129 2268 1346 2371 Historia,
1375 2267 1610 2389 Allegoria,

538 2386 832 2503 Tropologia,
864 2389 1069 2507 Anagoge
1104 2452 1115 2475 .
1152 2386 1340 2475 Historia
1371 2415 1434 2479 est
1465 2449 1478 2489 ,
1510 2416 1624 2505 quae.

539 2535 606 2595 res
645 2531 781 2620 gestas
809 2506 998 2621 loquitur
1027 2569 1042 2609 ‚
1076 2507 1293 2624 Allegoria
1319 2533 1413 2609 est,
1445 2506 1489 2594 in
1526 2536 1607 2622 qua

539 2654 598 2712 ex
617 2626 697 2711 alio
716 2624 824 2712 aliud
842 2626 1117 2747 intelligitur.
1148 2626 1416 2744 Tropologia
1437 2649 1501 2715 est
1518 2655 1607 2714 rno-

535 2744 707 2843 ealitas,
738 2742 783 2830 in
822 2776 903 2860 qua
936 2750 987 2834 de
1015 2746 1205 2836 moribus
1234 2745 1434 2835 ornandis
1458 2768 1609 2834 tracta·

537 2885 606 2950 tur
628 2926 638 2945 .
675 2863 878 2983 Anagoge
896 2890 962 2954 est
983 2865 1211 2982 spiritualis
1227 2864 1498 2964 intellectus,
1530 2889 1608 2979 per

537 3008 663 3094 quern
699 2985 750 3071 de
779 2984 985 3086 summis,
1015 2984 1056 3073 dt
1094 2984 1333 3075 caelestibus
1354 3009 1610 3083 tractamus,

536 3098 642 3191 &ad
662 3104 879 3220 superiora
899 3106 1094 3194 ducimur
1116 3170 1126 3191 .
1151 3104 1226 3191 His
1246 3125 1458 3219 quatuor,
1490 3100 1610 3219 quasi

536 3220 787 3336 quibusdam
817 3225 1026 3313 columnis
1062 3247 1152 3313 tota
1189 3223 1352 3311 Divina
1385 3224 1610 3340 Scriptura

535 3343 730 3431 consistit
751 3410 759 3430 .
786 3350 833 3430 lu
857 3346 935 3433 hoc
953 3342 1308 3433 etiarnconvivio
1326 3342 1609 3434 Conlessores

533 3462 755 3550 abluendis
788 3463 981 3553 manibus
1007 3491 1133 3579 aquas
1167 3467 1404 3581 praebent,
1434 3464 1610 3551 lumina·

534 3580 597 3668 ria
618 3585 971 3671 succendunt.De
991 3583 1185 3670 hirenim
1204 3582 1493 3695 scriptumest
1513 3583 1604 3697 (r):

537 3702 629 3790 Sint
648 3701 774 3786 lumbi
789 3702 1129 3821 uestri'praecincri
1148 3759 1162 3799 ,
1208 3701 1253 3792 dr
1268 3702 1447 3787 lucerne
1460 3704 1606 3785 urden-

533 3830 651 3909 tesr'n
670 3822 856 3909 munibus
875 3824 1046 3912 vestris.
1082 3823 1197 3905 lutus
1223 3815 1338 3904 enirn
1357 3818 1505 3904 ardent
1526 3839 1603 3930 per

533 3942 730 4027 affectunt
750 3942 963 4031 charitatis
986 4007 997 4041 ‚
1032 3938 1223 4030 exterius
1244 3963 1347 4025 vero
1368 3936 1508 4026 lucent
1525 3962 1603 4049 per

535 4062 775 4175 exemplum
805 4065 908 4150 boni
940 4058 1116 4177 operis.
1152 4058 1328 4148 Hidaut
1352 4084 1499 4175 aquarn
1520 4082 1605 4141 ma·

533 4179 660 4265 nibus
683 4243 697 4281 ,
719 4214 805 4270 non
835 4183 949 4271 enim
967 4206 1129 4270 tantum
1149 4176 1306 4268 deflent
1323 4205 1394 4265 sua
1411 4196 1603 4293 peccata,

535 4303 609 4387 sed
629 4300 755 4389 etiarn
782 4304 948 4409 aliena3
983 4304 1064 4390 hoc
1091 4297 1155 4391 est
1181 4297 1297 4386 enirn
1334 4299 1432 4384 dare
1453 4323 1602 4407 aquam

512 4419 761 4522 nauibus,
798 4421 990 4532 lacrymis
1026 4447 1291 4511 succurrere·
1306 4444 1387 4536 pro
1407 4438 1603 4529 peccato·

535 4542 865 4628 runt-reatibus.
901 4543 950 4624 In
978 4541 1052 4624 lrac
1080 4541 1215 4628 mensa
1244 4536 1368 4655 ponit
1387 4537 1602 4623 Abrabam

536 4686 666 4774 panes
686 4659 844 4744 azimos
861 4654 1167 4750 subcineritios
1189 4689 1202 4746 r
1221 4660 1322 4748 tales
1340 4657 1452 4747 enirn
1470 4681 1601 4775 panes

593 4917 647 5006 (r)
673 4907 845 4989 Lucan.
871 4927 930 5016 35·
979 4904 982 4909 ’
