4284 6125
766 1188 774 1209 ἱ

1601 1250 1614 1267 Ι

591 1364 684 1478 ¹3⁸
837 1381 1107 1444 orvrnottutr
1139 1372 1427 1443 oertcrottutr

585 1477 731 1567 omnia
749 1483 1070 1564 revertebantur
1090 1481 1138 1562 ad
1163 1482 1397 1563 libertatem
1420 1506 1434 1575 3
1465 1471 1508 1560 dt
1535 1470 1677 1595 signi·

591 1601 690 1687 ficar
735 1597 924 1708 requiem
961 1659 977 1698 ,
1023 1598 1066 1686 dt
1101 1595 1328 1714 perfectam
1373 1595 1679 1685 liberationem

587 1749 665 1837 per
691 1714 896 1827 Spiritum
917 1720 1116 1806 Sanctum
1137 1719 1271 1803 datam
1292 1777 1306 1815 ,
1339 1715 1410 1827 qui
1433 1718 1583 1802 missus
1601 1740 1673 1807 est

590 1840 644 1924 de
666 1839 771 1926 caelo
800 1842 972 1924 al’atre
1000 1837 1044 1924 in
1086 1835 1437 1953 quinquagesimo
1472 1836 1540 1919 die
1569 1864 1673 1953 post

590 1952 924 2046 immolationem
953 1957 1044 2044 veri
1062 1954 1212 2074 Agni,
1248 1958 1327 2043 hoc
1349 1980 1413 2043 est
1442 2011 1456 2051 ,
1488 1954 1704 2045 Domini

535 2180 537 2187 Ι
591 2072 732 2164 nostri
748 2077 846 2186 Jecu
864 2076 1026 2167 Christi
1054 2136 1070 2179 ,
1102 2076 1175 2191 qui
1208 2074 1466 2194 significatus
1498 2102 1564 2160 est
1594 2102 1682 2190 per

590 2197 758 2313 legem,
791 2225 887 2309 quae
911 2201 1004 2286 data
1036 2221 1100 2285 est
1127 2227 1250 2313 supra
1267 2219 1454 2281 montem
1477 2191 1598 2279 Sinai
1624 2195 1673 2283 in

592 2315 945 2432 quinquagesimo
964 2316 1032 2403 die
1050 2316 1306 2434 egressionis
1329 2314 1669 2402 filiorumlsrael.

455 2428 459 2435 ¹
591 2435 706 2526 Hinc
733 2460 796 2521 est
818 2464 953 2556 ergo,
983 2442 1098 2550 quod
1115 2459 1212 2525 ante
1230 2434 1409 2523 Domini
1428 2435 1673 2550 passionem

592 2553 866 2672 quadraginta
901 2557 1052 2645 diebus
1094 2564 1260 2645 nosmet
1296 2550 1521 2672 affligendo
1565 2550 1674 2665 jeju·

593 2672 710 2761 nium
736 2675 1004 2790 peragimus.
1038 2667 1131 2764 Poll
1149 2676 1335 2786 ejusdem
1357 2703 1461 2761 vero
1479 2701 1674 2760 resurre-

593 2792 801 2905 ctionem,
832 2796 1019 2883 fellivam
1049 2797 1238 2885 laetitiam
1270 2794 1378 2909 quast
1395 2792 1476 2903 jam
1493 2816 1672 2908 accepta

593 2915 789 3000 mercede
822 2915 1128 3033 quinquaginta
1182 2918 1331 3001 diebus
1375 2915 1669 3002 celebramus.

593 3031 886 3157 Quadraginta
936 3066 1108 3153 quoque
1147 3037 1296 3124 diebus
1349 3065 1444 3123 cum
1480 3031 1670 3150 Apollo·

591 3157 968 3253 lisconversatus‚
1002 3160 1234 3246 ascendens
1270 3156 1316 3241 in
1348 3157 1494 3245 caelum
1543 3152 1673 3266 quin·

592 3275 829 3390 quagelimo
861 3276 929 3364 die
950 3278 1066 3364 misit
1098 3277 1257 3366 eisdem
1285 3273 1519 3361 mercedem
1568 3272 1674 3358 San

593 3395 652 3484 cti
673 3395 858 3508 Spiritus
878 3402 1036 3486 donum
1056 3458 1069 3498 ,
1098 3428 1183 3513 quo
1201 3395 1482 3516 fignificatet,
1514 3421 1560 3480 se
1578 3423 1672 3479 om·

593 3512 720 3601 uibus
739 3519 1113 3628 perseverantibus
1132 3545 1308 3606 aeternae
1324 3511 1538 3606 felicitatis
1555 3538 1674 3626 pras·

594 3630 678 3718 mia
695 3634 939 3749 largiturum
966 3702 977 3726 .

996 3810 1259 3904 CXXIX.
1396 3827 1407 3836 ·

774 3955 835 4017 ou
866 3951 1077 4019 'renntmo
1110 3953 1497 4042 qumquam-:surra
1578 4047 1584 4056 .

712 4109 1090 4227 Quinquagecimae
1121 4112 1329 4202 terminus
1370 4106 1679 4219 curriturque

593 4224 646 4312 ad
664 4222 775 4313 diem
801 4234 1001 4336 pascum
1034 4235 1094 4321 ita
1120 4237 1234 4349 quod
1250 4231 1342 4345 ipsa
1357 4231 1447 4318 dies
1466 4224 1677 4343 paschalis

592 4348 928 4452 cst-terminus,
959 4351 1258 4467 &completio
1290 4351 1401 4438 illius
1437 4414 1449 4449 ,
1482 4371 1529 4432 ut
1561 4343 1680 4432 sicut

591 4465 648 4550 de
678 4470 826 4557 actuali
845 4474 1094 4588 captivitate
1122 4473 1192 4560 illa
1224 4497 1310 4559 tres
1338 4471 1511 4557 luerunt
1531 4492 1686 4552 rever-2

592 4579 727 4674 liones
745 4584 788 4672 in
815 4589 890 4681 illo
909 4595 1070 4713 populo
1102 4625 1117 4698 ;
1151 4592 1286 4708 prima
1306 4588 1477 4707 quidem
1496 4589 1574 4675 sub
1595 4583 1685 4669 Ze·

592 4706 771 4794 robabel
790 4710 944 4816 Duce,
967 4712 1124 4835 &Jesu
1143 4713 1373 4807 Sacerdote
1392 4775 1415 4842 ,x
1436 4708 1483 4801 i'u
1501 4733 1582 4826 qua
1602 4704 1701 4822 (1).

636 4964 694 5050 (ι)
711 4963 842 5042 Addidi
859 4970 892 5047 in
905 4995 1000 5074 qua.
