4284 6125
572 1396 655 1508 ,46
795 1398 1061 1467 nrvrrrortutt
1091 1391 1371 1459 oet¹101ottuttt

560 1493 790 1622 Baptistae?
820 1498 894 1580 An
911 1488 1079 1580 audebis
1095 1485 1263 1585 dicere,
1287 1485 1401 1600 quod
1419 1484 1614 1585 ebriosus

558 1652 651 1713 runs
667 1612 933 1726 Episcopus,
963 1607 1029 1693 vel
1047 1604 1251 1692 Sacerdos
1269 1665 1283 1704 ,
1319 1629 1365 1693 ut
1390 1608 1440 1691 de
1459 1610 1616 1699 ceteris

554 1729 800 1827 criminibus
834 1751 1024 1822 taceam,
1054 1722 1217 1832 Joattrre
1242 1726 1391 1811 melior
1410 1722 1507 1812 sit‘l
1547 1729 1616 1815 Ad

550 1857 641 1940 baec
662 1846 845 1935 Fidelis:
880 1842 1012 1939 Νοιι,
1040 1841 1254 1952 inquam,
1288 1843 1484 1931 ebriosus
1519 1845 1617 1961 Epi·

546 1996 735 2084 -seopus,
758 1963 824 2050 vel
841 1961 1045 2047 Sacerdos
1062 1959 1226 2070 Joanne
1244 1965 1496 2063 melior‚sed
1508 1963 1616 2076 ejus·

550 2091 647 2176 dem
682 2081 888 2196 Baptisma
920 2081 994 2195 ιι)
1026 2078 1200 2192 majus,
1245 2083 1477 2198 meliusque
1510 2106 1615 2185 est,

551 2233 675 2322 quarn
705 2196 836 2285 fuerit
864 2197 1039 2308 Joauuis
1058 2257 1073 2299 ,
1092 2192 1191 2313 quia
1210 2231 1285 2288 suu
1301 2206 1487 2313 Joannes
1511 2201 1616 2318 Bap-

554 2328 717 2412 tismate
750 2314 1032 2430 baptizabat,
1062 2349 1149 2431 quo
1193 2347 1363 2431 peccata
1382 2319 1492 2408 solvi
1527 2351 1614 2407 nou

548 2457 785 2555 poteraut;
821 2435 934 2538 iste,
960 2460 1029 2525 aut
1064 2438 1300 2556 Episcopus
1328 2501 1344 2542 ,
1375 2467 1444 2527 aut
1468 2439 1614 2529 Sacer·

548 2560 626 2645 dos
664 2578 752 2639 non
788 2584 899 2657 suo,
930 2561 1002 2645 sed
1022 2556 1185 2645 Christi
1207 2558 1438 2674 baptizavit
1454 2558 1615 2674 Baptis-

540 2697 699 2772 mate,
736 2702 821 2788 quo
871 2701 1040 2790 peccata
1072 2675 1234 2793 quippe
1264 2681 1519 2766 solvuntur.
1560 2679 1613 2765 Et

542 2792 646 2903 quid
674 2792 825 2880 mirum
846 2794 868 2882 ἲ
904 2826 999 2883 cum
1019 2796 1145 2884 etiam
1171 2800 1291 2908 Judae
1310 2795 1440 2910 majus
1457 2857 1472 2896 ,
1488 2823 1612 2909 quam

536 2906 717 3018 joannis
732 2909 859 3001 fuerit
878 2913 1084 3031 baptisma
1100 2918 1202 3033 (u),
1219 2917 1315 3004 licet
1332 2920 1516 3029 Joannes
1537 2921 1612 3002 bu·

534 3057 651 3128 uus,
685 3031 810 3143 Judas
835 3057 973 3123 autem
1007 3038 1134 3125 fuerit
1154 3039 1308 3124 malus.
1347 3038 1468 3123 Plane
1502 3065 1609 3149 quos

534 3145 773 3263 baptizavit
787 3155 970 3266 Joannes
991 3157 1206 3265 ,Joannes
1228 3154 1459 3271 baptizavit
1476 3188 1487 3257 ;
1503 3185 1610 3269 quos

533 3289 678 3359 autem
705 3274 936 3390 baptizavit
969 3278 1127 3386 Judas,
1171 3276 1366 3363 Christus
1400 3275 1609 3387 siquidem

515 3379 1081 3514 'baptizavitQuemobtem
1102 3425 1207 3511 quos
1222 3393 1449 3512 baptizavit
1467 3393 1611 3478 ebrio·

537 3639 565 3676 ‚,
582 3621 667 3688 quos
696 3597 882 3691 baptizavit
912 3600 1054 3672 homici·
1101 3618 1221 3685 „este
1248 3602 1285 3671 ln
1315 3599 1398 3669 natis
1428 3595 1613 3667 mulierum

538 3737 567 3773 ,³
586 3694 684 3772 cide,
717 3718 803 3786 quos
823 3694 1052 3786 baptizavita·
1100 3722 1239 3781 „nemo
1270 3695 1461 3767 exsurrexit
1502 3694 1613 3770 major

538 3833 566 3871 ss
584 3789 736 3870 dulter‚si
746 3790 939 3881 Baptismus
953 3794 1052 3866 Chri·
1100 3842 1125 3877 ,‚
1139 3796 1266 3878 joanne
1281 3789 1431 3881 Baptista
1448 3788 1613 3875 ·.··.Qua-

528 3909 567 3968 ·,‚
583 3885 624 3958 sti
643 3905 740 3970 erat,
767 3887 928 3963 Christus
942 3892 1051 3984 bapti·
1098 3915 1176 3975 „re
1203 3888 1346 3972 loannes
1372 3886 1463 3979 quod
1488 3883 1614 3955 didicit

521 4005 527 4014 ·
541 4031 569 4065 ‚,
585 3982 675 4054 ravit
690 4033 700 4054 .
713 3986 792 4058 Non
807 3986 917 4059 timeo
929 3990 1056 4062 adulte·
1103 4017 1130 4069 ‚·‚
1145 3988 1179 4058 in
1196 3984 1360 4063 Domino,
1375 3983 1452 4077 quia
1465 3985 1532 4079 ipse
1547 3998 1611 4064 est,

521 4101 659 4162 ·‚,.rum
676 4129 687 4162 ‚
702 4107 768 4155 non
781 4084 968 4167 ebriosum,
988 4111 1054 4159 non
1101 4130 1127 4167 ,‚
1143 4086 1203 4180 qui
1230 4082 1380 4178 baptizat
1419 4083 1454 4151 in
1486 4081 1611 4174 Spiritu

541 4178 804 4264 „homicidam
826 4183 905 4277 quia
921 4182 1053 4257 colum·
1101 4228 1126 4263 ‚‚
1144 4191 1274 4261 sancto,
1288 4200 1321 4253 et
1337 4178 1419 4250 nulli
1435 4202 1534 4248 servo
1546 4200 1610 4248 suo

523 4293 569 4355 “,,
584 4278 660 4348 barn
674 4279 846 4362 adtende,
871 4305 1047 4375 perquam
1099 4324 1124 4360 ‚‚
1144 4276 1363 4373 translegavit
1406 4283 1610 4369 potestatem

541 4414 567 4451 2,
583 4372 665 4443 milti
680 4376 816 4450 diciturr
827 4378 893 4449 Hic
906 4395 978 4459 est,
993 4379 1055 4474 qui
1100 4422 1126 4457 ‚‚
1147 4377 1338 4471 baptizandi
1355 4426 1366 4459 ‚
1397 4400 1462 4449 ιιοιι
1489 4370 1611 4443 debuit

522 4488 565 4549 ·,‚
579 4468 756 4565 baptizat.
774 4476 967 4557 Ceterum,
983 4477 1050 4549 fra·
1098 4520 1124 4556 „
1138 4477 1293 4560 discere,
1308 4477 1371 4550 nisi
1399 4496 1461 4569 per
1473 4470 1609 4543 colum·

538 4611 565 4647 2,
580 4584 649 4639 tres
665 4569 729 4639 mei
744 4619 754 4651 ,
769 4572 915 4645 delirum
926 4590 982 4644 est
994 4573 1051 4645 di·
1100 4617 1126 4654 ‚‚
1145 4576 1221 4648 barn
1236 4623 1261 4657 ‚,
1277 4624 1288 4646 .

538 4708 564 4745 ,ι
579 4687 678 4746 cere,
710 4667 790 4759 quia
807 4669 958 4741 melioris
980 4694 1050 4742 me·
1120 4680 1176 4761 (r)
1190 4674 1282 4742 Cod.
1298 4667 1505 4763 Baptismum
1524 4708 1535 4730 .

538 4810 564 4844 „
583 4763 640 4837 riti
659 4763 735 4845 luit,
756 4789 822 4836 non
840 4767 1048 4851 ulceratas,
1125 4772 1179 4854 (a)
1195 4766 1289 4837 cod.
1304 4784 1342 4850 ut
1370 4787 1444 4856 sup.
1475 4759 1611 4856 Baptis-

536 4865 636 4944 „sed
666 4860 814 4959 quilibet
844 4863 1046 4942 hominurn,
1097 4881 1211 4932 mum.

535 5003 563 5046 s,
577 4987 677 5063 quam
695 4960 820 5042 ille,de
831 4985 902 5055 quo
915 4959 1047 5032 dictum
1156 4999 1161 5012 ·
