4284 6125
1595 1418 2463 1499 expL1cAw1o.
2745 1498 2752 1504 ,
2920 1439 3089 1503 221

964 1535 1319 1620 Putasne
1377 1531 1637 1619 Filius
1670 1531 2014 1618 hominis
2079 1533 2400 1617 veniens
2457 1528 2803 1615 inveniet
2829 1531 3095 1645 fidem

952 1683 1194 1769 super
1222 1675 1518 1738 terram
1564 1651 1609 1738 2
1688 1655 1878 1738 Post
1931 1652 2172 1737 istam
2248 1678 2680 1763 vesperam
2728 1651 2868 1734 fiet
2930 1678 3098 1743 ma-

954 1802 1064 1857 ne
1108 1833 1133 1869 ‚
1200 1772 1596 1884 quoniam
1634 1772 1815 1883 ipse
1854 1770 2279 1857 Dominus
2330 1769 2414 1852 in
2482 1770 2850 1856 claritate
2893 1801 3094 1856 ven-

953 1911 1196 1977 turus
1237 1915 1361 1977 est
1402 1922 1428 1993 ;
1490 1914 1691 1977 tunc
1725 1888 2008 1976 Sancti
2047 1888 2579 2001 requiescent
2617 1919 2802 1973 cum
2845 1888 3092 1976 Chri-

847 2042 856 2051 ·
959 2031 1098 2096 sto
1141 2012 1241 2094 ab
1283 2010 1675 2096 omnibus
1744 2007 2139 2122 operibus
2185 2005 2413 2093 suis.
2488 2007 2917 2120 Speranda
2963 2033 3093 2096 est

959 2126 1186 2212 enim
1256 2153 1448 2244 post
1499 2158 1755 2241 opera
1824 2130 2042 2213 bona
2099 2127 2334 2212 valde
2408 2124 2741 2236 requies
2803 2127 2891 2210 in
2950 2129 3090 2213 die

960 2244 1325 2359 septimo
1373 2308 1400 2345 ‚
1464 2277 1655 2361 quae
1712 2274 2143 2360 vesperam
2203 2273 2375 2330 non
2425 2242 2828 2342 habebit,
2893 2246 3091 2357 quia

962 2393 1143 2450 eam
1213 2367 1480 2452 nullus
1543 2365 1945 2452 terminus
2002 2367 2409 2452 claudet.
2485 2361 2875 2449 Senarius
2939 2366 3092 2482 (1)

965 2483 1195 2567 enim
1232 2514 1619 2573 numerus
1660 2484 2033 2600 partibus
2069 2483 2240 2570 suis
2281 2482 2784 2615 completur.
2800 2484 3086 2572 Unum

969 2603 1199 2685 enirn
1251 2627 1481 2690 sexta
1517 2634 1707 2720 pars
1758 2602 1935 2715 ejus
1970 2662 1998 2699 ‚
2062 2605 2231 2688 duo
2269 2597 2586 2699 tertia,
2649 2600 2806 2688 tria
2846 2602 3088 2689 dimi·

970 2719 1182 2806 dia
1159 2754 1185 2824 3
1249 2721 1316 2809 si
1378 2753 1761 2809 numeras
1816 2750 2073 2807 unum
2115 2780 2141 2819 ‚
2205 2744 2287 2806 et
2323 2722 2492 2805 duo
2534 2719 2841 2821 tertia,
2882 2721 3088 2835 ipsa

967 2868 1282 2928 summa
1346 2872 1489 2928 sex
1525 2841 1811 2945 facit3
1849 2839 2174 2927 idcirco
2232 2837 2649 2952 perfectus
2709 2839 3088 2946 dicitur3¹

964 2987 1137 3045 non
1227 2961 1454 3048 enim
1520 2961 1636 3046 ita
1720 2957 1981 3047 ceteri
2045 2957 2598 3043 inveniuntur
2644 3020 2664 3043 .
2734 2963 3101 3073 Propte-

965 3107 1104 3164 rea
1154 3078 1241 3163 in
1323 3082 1481 3167 hoc
1522 3108 1875 3165 numero
1946 3076 2300 3192 perfecit
2335 3076 2758 3163 Dominus
2822 3108 3090 3191 opera

969 3226 1168 3280 sua.
1236 3198 1421 3285 Nec
1470 3198 1906 3311 quisquam
1948 3198 2065 3284 ita
2133 3200 2476 3282 demens
2535 3194 2755 3283 istud
2793 3200 3091 3283 audeat

966 3315 1322 3415 dicere,
1381 3318 1660 3401 Deum
1698 3347 1863 3401 non
1911 3313 2272 3429 potuiffe
2341 3342 2513 3399 uno
2581 3313 2716 3397 die
2778 3336 3090 3404 cuncta

963 3432 1301 3531 facere,
1337 3463 1405 3518 sl
1444 3433 1756 3518 vellet
1799 3437 2060 3571 Quod
2097 3457 2380 3518 autem
2427 3430 2636 3517 dicit
2671 3434 2879 3549 (2).
2929 3424 3091 3521 Re'-

962 3550 1265 3666 quievit
1302 3553 1523 3639 Deus
1585 3554 1714 3638 die
1748 3552 2079 3667 septima
2141 3554 2246 3638 ab
2295 3551 2664 3637 omnibus
2704 3554 3094 3685 operibus

961 3670 1197 3769 suis,
1237 3670 1437 3783 quid
1477 3670 1696 3759 aliud
1739 3670 2217 3784 significat,
2278 3669 2422 3755 nifi
2490 3668 2867 3781 requiem
2916 3674 3085 3757 san-

964 3810 1252 3890 ctam,
1315 3819 1562 3904 quam
1625 3790 1874 3879 nobis
1938 3791 2280 3880 daturus
2342 3789 2454 3876 est
2528 3791 2630 3875 ab
2688 3791 3084 3879 omnibus

1037 4033 1143 4115 (1)
1209 4031 1396 4102 Beda
1468 4030 1535 4102 in
1594 4032 1972 4104 Exameron
2071 4080 2121 4116 „
2151 4031 2405 4105 faciunt
2444 4055 2586 4112 sex,
2617 4029 2815 4124 quale
2847 4032 2911 4102 in
2941 4052 3091 4103 mo-

963 4120 1045 4192 T.
1051 4148 1148 4196 1v.
1156 4126 1336 4198 Edit.
1341 4126 1619 4200 Basileae
1648 4132 1971 4202 mnuml.
2069 4177 2121 4214 „
2153 4129 2432 4200 uadibus
2540 4127 2839 4199 numeris
2930 4154 3086 4203 nus-

962 4219 1221 4304 coLzo.
1251 4251 1412 4300 num
1418 4251 1562 4320 .4ο.
1593 4251 1734 4321 seq.
1763 4276 1810 4310 ,‚
1858 4230 1973 4300 Se·
2071 4273 2122 4310 „
2161 4251 2357 4319 quam
2389 4274 2410 4303 ‚
2451 4242 2695 4317 praeter
2745 4225 2855 4306 hic
2898 4225 3084 4297 inve-

963 4364 1015 4401 „
1042 4319 1299 4393 narium
1335 4371 1357 4404 ‚
1416 4326 1513 4394 alt
1537 4371 1560 4405 ,
1615 4349 1972 4398 numerum
2073 4371 2123 4406 „
2156 4324 2321 4395 nies.
2368 4324 2495 4394 Sed
2529 4345 2742 4415 neque
2776 4322 2838 4393 in
2877 4324 3078 4400 deca·

963 4462 1017 4497 2,
1045 4438 1302 4490 constat
1362 4445 1503 4493 esse
1540 4421 1935 4533 perfectum·
1948 4471 1970 4504 ,
2071 4469 2122 4504 „
2150 4421 2628 4513 dibu8‚praeter
2645 4419 3073 4500 vicesimum,

963 4558 1015 4592 2,
1052 4513 1205 4606 quia
1258 4519 1515 4608 primus
1573 4519 1709 4589 suis
1765 4518 1971 4611 parti·-
2070 4565 2118 4599 „
2150 4536 2218 4589 et
2249 4536 2566 4588 octavum
2598 4540 2948 4589 numerum
2971 4565 2991 4585 .
3024 4561 3074 4598 ,‚

963 4612 1168 4690 abus
1199 4611 1521 4706 impletur
1551 4666 1573 4698 ‚
1625 4634 1811 4687 sexta
1861 4617 1967 4687 vi·
2116 4622 2223 4704 (2)
2258 4617 2506 4687 Genes.
2545 4616 2786 4705 cap.11.
2845 4636 3072 4685 vera.

961 4752 1013 4787 2,
1042 4708 1292 4781 delicet
1321 4760 1344 4793 ,
1395 4719 1579 4807 quod
1616 4732 1969 4795 estunam,
2071 4722 2159 4783 Et
2185 4713 2517 4808 requievit
2553 4714 2658 4783 die
2681 4712 2952 4808 septimo
2986 4708 3076 4781 ab

961 4849 1012 4884 .‚
1045 4823 1114 4874 et
1153 4810 1378 4890 tertia,
1409 4837 1553 4904 quae
1592 4830 1747 4883 sunt
1782 4813 1920 4881 duo
1947 4858 1968 4891 ,
2070 4813 2382 4881 universo
2441 4826 2634 4907 opere
2659 4857 2685 4893 ,
2744 4811 2920 4910 quod
2946 4824 3073 4910 pa-

935 4935 1014 4982 ·,‚
1040 4919 1110 4970 et
1136 4904 1441 5019 dimidia,
1460 4934 1607 5001 quae
1632 4927 1786 4980 sunt
1814 4908 1967 4980 tria.
2068 4924 2286 4980 trarae
2315 4956 2337 4977 .

955 5045 1010 5085 2,
1044 4998 1268 5073 Unum
1285 5005 1563 5089 enim‚et
1583 5008 1821 5091 du02et
1842 5005 1971 5078 tria
