<?xml version="1.0" encoding="UTF-8"?>
<!DOCTYPE html PUBLIC "-//W3C//DTD XHTML 1.0 Transitional//EN"
    "http://www.w3.org/TR/xhtml1/DTD/xhtml1-transitional.dtd">
<html xmlns="http://www.w3.org/1999/xhtml" xml:lang="en" lang="en">
 <head>
  <title>
</title>
<meta http-equiv="Content-Type" content="text/html;charset=utf-8" />
  <meta name='ocr-system' content='tesseract 3.04.00' />
  <meta name='ocr-capabilities' content='ocr_page ocr_carea ocr_par ocr_line ocrx_word'/>
</head>
<body>
  <div class='ocr_page' id='page_1' title='image "./ssecclesirituum00unkngoog_0137.png"; bbox 0 0 4284 6125; ppageno 0'>
   <div class='ocr_carea' id='block_1_1' title="bbox 585 1346 1397 1447">
    <p class='ocr_par' dir='ltr' id='par_1_1' title="bbox 585 1346 1397 1447">
     <span class='ocr_line' id='line_1_1' title="bbox 585 1346 1397 1447; baseline -0.046 -2"><span class='ocrx_word' id='word_1_1' title='bbox 585 1384 675 1447; x_wconf 74' lang='lat'>102</span> <span class='ocrx_word' id='word_1_2' title='bbox 815 1352 1089 1423; x_wconf 78' lang='lat' dir='ltr'>DIVINORUM</span> <span class='ocrx_word' id='word_1_3' title='bbox 1115 1346 1397 1413; x_wconf 72' lang='lat' dir='ltr'>OFFICIORUM</span> 
     </span>
    </p>
   </div>
   <div class='ocr_carea' id='block_1_2' title="bbox 570 1438 1642 1693">
    <p class='ocr_par' dir='ltr' id='par_1_2' title="bbox 570 1438 1642 1693">
     <span class='ocr_line' id='line_1_2' title="bbox 570 1438 1642 1561; baseline -0.033 0"><span class='ocrx_word' id='word_1_4' title='bbox 570 1471 755 1559; x_wconf 84' lang='lat' dir='ltr'>cretione</span> <span class='ocrx_word' id='word_1_5' title='bbox 768 1452 959 1539; x_wconf 80' lang='lat' dir='ltr'>Ecclesiae</span> <span class='ocrx_word' id='word_1_6' title='bbox 991 1447 1088 1535; x_wconf 87' lang='lat' dir='ltr'>satis</span> <span class='ocrx_word' id='word_1_7' title='bbox 1121 1442 1281 1532; x_wconf 91' lang='lat' dir='ltr'>dictum</span> <span class='ocrx_word' id='word_1_8' title='bbox 1315 1438 1642 1561; x_wconf 77' lang='lat' dir='ltr'>&#39;est(r).1³ost-¹</span> 
     </span>
     <span class='ocr_line' id='line_1_3' title="bbox 570 1562 1640 1693; baseline -0.017 -22"><span class='ocrx_word' id='word_1_9' title='bbox 570 1612 698 1693; x_wconf 84' lang='lat' dir='ltr'>quam</span> <span class='ocrx_word' id='word_1_10' title='bbox 724 1594 861 1671; x_wconf 82' lang='lat' dir='ltr'>autem</span> <span class='ocrx_word' id='word_1_11' title='bbox 895 1564 1131 1679; x_wconf 85' lang='lat' dir='ltr'>baptizatus</span> <span class='ocrx_word' id='word_1_12' title='bbox 1170 1586 1235 1651; x_wconf 88' lang='lat' dir='ltr'>est</span> <span class='ocrx_word' id='word_1_13' title='bbox 1269 1562 1433 1663; x_wconf 88' lang='lat' dir='ltr'>homo,</span> <span class='ocrx_word' id='word_1_14' title='bbox 1463 1562 1640 1681; x_wconf 83' lang='lat' dir='ltr'>ungitur</span> 
     </span>
    </p>
   </div>
   <div class='ocr_carea' id='block_1_3' title="bbox 556 1680 1646 3964">
    <p class='ocr_par' dir='ltr' id='par_1_3' title="bbox 556 1680 1646 3964">
     <span class='ocr_line' id='line_1_4' title="bbox 569 1680 1643 1798; baseline -0.011 -15"><span class='ocrx_word' id='word_1_15' title='bbox 569 1694 810 1783; x_wconf 87' lang='lat' dir='ltr'>Chrismate</span> <span class='ocrx_word' id='word_1_16' title='bbox 829 1715 852 1773; x_wconf 85' lang='lat' dir='ltr'>a</span> <span class='ocrx_word' id='word_1_17' title='bbox 872 1684 1102 1771; x_wconf 82' lang='lat' dir='ltr'>Sacerdote</span> <span class='ocrx_word' id='word_1_18' title='bbox 1119 1682 1167 1771; x_wconf 88' lang='lat' dir='ltr'>in</span> <span class='ocrx_word' id='word_1_19' title='bbox 1186 1680 1383 1784; x_wconf 83' lang='lat' dir='ltr'>vertice,</span> <span class='ocrx_word' id='word_1_20' title='bbox 1406 1680 1455 1767; x_wconf 88' lang='lat' dir='ltr'>in</span> <span class='ocrx_word' id='word_1_21' title='bbox 1481 1711 1569 1798; x_wconf 88' lang='lat' dir='ltr'>quo</span> <span class='ocrx_word' id='word_1_22' title='bbox 1585 1681 1643 1773; x_wconf 86' lang='lat' dir='ltr'>si·</span> 
     </span>
     <span class='ocr_line' id='line_1_5' title="bbox 564 1798 1642 1904; baseline -0.002 -11"><span class='ocrx_word' id='word_1_23' title='bbox 564 1810 652 1901; x_wconf 81' lang='lat' dir='ltr'>mul</span> <span class='ocrx_word' id='word_1_24' title='bbox 670 1836 716 1895; x_wconf 89' lang='lat' dir='ltr'>et</span> <span class='ocrx_word' id='word_1_25' title='bbox 736 1831 889 1897; x_wconf 89' lang='lat' dir='ltr'>nomen</span> <span class='ocrx_word' id='word_1_26' title='bbox 908 1798 1107 1904; x_wconf 84' lang='lat' dir='ltr'>Christi,</span> <span class='ocrx_word' id='word_1_27' title='bbox 1139 1827 1182 1889; x_wconf 88' lang='lat' dir='ltr'>et</span> <span class='ocrx_word' id='word_1_28' title='bbox 1209 1800 1489 1889; x_wconf 83' lang='lat' dir='ltr'>humilitatem</span> <span class='ocrx_word' id='word_1_29' title='bbox 1509 1802 1642 1893; x_wconf 88' lang='lat' dir='ltr'>susci·</span> 
     </span>
     <span class='ocr_line' id='line_1_6' title="bbox 563 1919 1644 2049; baseline 0 -37"><span class='ocrx_word' id='word_1_30' title='bbox 563 1924 655 2049; x_wconf 86' lang='lat' dir='ltr'>piat</span> <span class='ocrx_word' id='word_1_31' title='bbox 676 1960 689 2015; x_wconf 75' lang='lat' dir='ltr'>e</span> <span class='ocrx_word' id='word_1_32' title='bbox 710 1949 933 2034; x_wconf 89' lang='lat' dir='ltr'>utrumque</span> <span class='ocrx_word' id='word_1_33' title='bbox 947 1919 1356 2024; x_wconf 89' lang='lat' dir='ltr'>enim‚etChristus,</span> <span class='ocrx_word' id='word_1_34' title='bbox 1370 1946 1413 2010; x_wconf 89' lang='lat' dir='ltr'>er</span> <span class='ocrx_word' id='word_1_35' title='bbox 1430 1920 1644 2012; x_wconf 86' lang='lat' dir='ltr'>Christia-</span> 
     </span>
     <span class='ocr_line' id='line_1_7' title="bbox 563 2038 1643 2158; baseline -0.006 -23"><span class='ocrx_word' id='word_1_36' title='bbox 563 2076 646 2135; x_wconf 88' lang='lat' dir='ltr'>nus</span> <span class='ocrx_word' id='word_1_37' title='bbox 662 2078 685 2135; x_wconf 82' lang='lat' dir='ltr'>e</span> <span class='ocrx_word' id='word_1_38' title='bbox 702 2038 940 2135; x_wconf 85' lang='lat' dir='ltr'>Chrismate</span> <span class='ocrx_word' id='word_1_39' title='bbox 960 2042 1205 2131; x_wconf 88' lang='lat' dir='ltr'>nominatur</span> <span class='ocrx_word' id='word_1_40' title='bbox 1225 2104 1237 2127; x_wconf 90' lang='lat'><strong>.</strong></span> <span class='ocrx_word' id='word_1_41' title='bbox 1270 2044 1324 2131; x_wconf 88' lang='lat' dir='ltr'>Et</span> <span class='ocrx_word' id='word_1_42' title='bbox 1341 2045 1451 2129; x_wconf 90' lang='lat' dir='ltr'>bene</span> <span class='ocrx_word' id='word_1_43' title='bbox 1468 2042 1643 2158; x_wconf 90' lang='lat' dir='ltr'>quidem</span> 
     </span>
     <span class='ocr_line' id='line_1_8' title="bbox 566 2158 1643 2288; baseline -0.006 -34"><span class='ocrx_word' id='word_1_44' title='bbox 566 2168 732 2288; x_wconf 86' lang='lat' dir='ltr'>signum</span> <span class='ocrx_word' id='word_1_45' title='bbox 750 2158 939 2264; x_wconf 81' lang='lat' dir='ltr'>Crucis,</span> <span class='ocrx_word' id='word_1_46' title='bbox 971 2184 1016 2249; x_wconf 88' lang='lat' dir='ltr'>et</span> <span class='ocrx_word' id='word_1_47' title='bbox 1036 2193 1192 2251; x_wconf 86' lang='lat' dir='ltr'>nomen</span> <span class='ocrx_word' id='word_1_48' title='bbox 1213 2159 1462 2252; x_wconf 83' lang='lat' dir='ltr'>humilitatis</span> <span class='ocrx_word' id='word_1_49' title='bbox 1481 2163 1528 2249; x_wconf 92' lang='lat' dir='ltr'>in</span> <span class='ocrx_word' id='word_1_50' title='bbox 1545 2190 1643 2249; x_wconf 90' lang='lat' dir='ltr'>ver·</span> 
     </span>
     <span class='ocr_line' id='line_1_9' title="bbox 566 2279 1642 2399; baseline -0.004 -26"><span class='ocrx_word' id='word_1_51' title='bbox 566 2291 653 2391; x_wconf 83' lang='lat' dir='ltr'>tice</span> <span class='ocrx_word' id='word_1_52' title='bbox 689 2279 947 2371; x_wconf 88' lang='lat' dir='ltr'>describitur</span> <span class='ocrx_word' id='word_1_53' title='bbox 981 2342 996 2382; x_wconf 94' lang='lat'>,</span> <span class='ocrx_word' id='word_1_54' title='bbox 1025 2282 1101 2370; x_wconf 87' lang='lat' dir='ltr'>ubi</span> <span class='ocrx_word' id='word_1_55' title='bbox 1134 2282 1227 2399; x_wconf 83' lang='lat' dir='ltr'>ipsa</span> <span class='ocrx_word' id='word_1_56' title='bbox 1257 2280 1459 2398; x_wconf 84' lang='lat' dir='ltr'>superbia</span> <span class='ocrx_word' id='word_1_57' title='bbox 1492 2282 1642 2369; x_wconf 86' lang='lat' dir='ltr'>sedere</span> 
     </span>
     <span class='ocr_line' id='line_1_10' title="bbox 565 2397 1642 2520; baseline -0.006 -23"><span class='ocrx_word' id='word_1_58' title='bbox 565 2403 790 2497; x_wconf 81' lang='lat' dir='ltr'>videbatur</span> <span class='ocrx_word' id='word_1_59' title='bbox 810 2433 824 2505; x_wconf 77' lang='grc' dir='ltr'><strong>ς</strong></span> <span class='ocrx_word' id='word_1_60' title='bbox 858 2429 1025 2517; x_wconf 82' lang='lat' dir='ltr'>semper</span> <span class='ocrx_word' id='word_1_61' title='bbox 1058 2401 1175 2489; x_wconf 88' lang='lat' dir='ltr'>enim</span> <span class='ocrx_word' id='word_1_62' title='bbox 1196 2401 1398 2520; x_wconf 85' lang='lat' dir='ltr'>superbia</span> <span class='ocrx_word' id='word_1_63' title='bbox 1417 2397 1642 2520; x_wconf 81' lang='lat' dir='ltr'>superiora</span> 
     </span>
     <span class='ocr_line' id='line_1_11' title="bbox 563 2519 1646 2641; baseline 0 -32"><span class='ocrx_word' id='word_1_64' title='bbox 563 2519 701 2641; x_wconf 80' lang='lat' dir='ltr'>petit3</span> <span class='ocrx_word' id='word_1_65' title='bbox 733 2524 845 2611; x_wconf 88' lang='lat' dir='ltr'>unde</span> <span class='ocrx_word' id='word_1_66' title='bbox 867 2522 1074 2613; x_wconf 85' lang='lat' dir='ltr'>inclinato</span> <span class='ocrx_word' id='word_1_67' title='bbox 1092 2520 1233 2640; x_wconf 85' lang='lat' dir='ltr'>capite</span> <span class='ocrx_word' id='word_1_68' title='bbox 1249 2523 1454 2626; x_wconf 86' lang='lat' dir='ltr'>humiles,</span> <span class='ocrx_word' id='word_1_69' title='bbox 1486 2542 1531 2609; x_wconf 87' lang='lat' dir='ltr'>et</span> <span class='ocrx_word' id='word_1_70' title='bbox 1552 2549 1646 2622; x_wconf 84' lang='lat' dir='ltr'>ere·</span> 
     </span>
     <span class='ocr_line' id='line_1_12' title="bbox 565 2639 1641 2759; baseline -0.004 -26"><span class='ocrx_word' id='word_1_71' title='bbox 565 2666 635 2733; x_wconf 86' lang='lat' dir='ltr'>cta</span> <span class='ocrx_word' id='word_1_72' title='bbox 665 2639 836 2733; x_wconf 86' lang='lat' dir='ltr'>cervice</span> <span class='ocrx_word' id='word_1_73' title='bbox 872 2645 1082 2759; x_wconf 88' lang='lat' dir='ltr'>superbos</span> <span class='ocrx_word' id='word_1_74' title='bbox 1128 2666 1238 2731; x_wconf 88' lang='lat' dir='ltr'>stare</span> <span class='ocrx_word' id='word_1_75' title='bbox 1277 2642 1510 2731; x_wconf 86' lang='lat' dir='ltr'>videmus.</span> <span class='ocrx_word' id='word_1_76' title='bbox 1547 2640 1641 2729; x_wconf 88' lang='lat' dir='ltr'>Hos</span> 
     </span>
     <span class='ocr_line' id='line_1_13' title="bbox 561 2758 1641 2880; baseline 0 -33"><span class='ocrx_word' id='word_1_77' title='bbox 561 2758 775 2851; x_wconf 85' lang='lat' dir='ltr'>humilitas</span> <span class='ocrx_word' id='word_1_78' title='bbox 793 2762 999 2864; x_wconf 82' lang='lat' dir='ltr'>inclinat,</span> <span class='ocrx_word' id='word_1_79' title='bbox 1029 2763 1125 2851; x_wconf 78' lang='lat' dir='ltr'>illos</span> <span class='ocrx_word' id='word_1_80' title='bbox 1144 2760 1344 2880; x_wconf 86' lang='lat' dir='ltr'>superbia</span> <span class='ocrx_word' id='word_1_81' title='bbox 1364 2759 1520 2880; x_wconf 87' lang='lat' dir='ltr'>erigit.</span> <span class='ocrx_word' id='word_1_82' title='bbox 1554 2758 1641 2847; x_wconf 89' lang='lat' dir='ltr'>Sed</span> 
     </span>
     <span class='ocr_line' id='line_1_14' title="bbox 560 2879 1642 2999; baseline 0.003 -35"><span class='ocrx_word' id='word_1_83' title='bbox 560 2879 667 2993; x_wconf 88' lang='lat' dir='ltr'>quid</span> <span class='ocrx_word' id='word_1_84' title='bbox 704 2881 809 2972; x_wconf 88' lang='lat' dir='ltr'>dicit</span> <span class='ocrx_word' id='word_1_85' title='bbox 841 2880 1115 2997; x_wconf 67' lang='lat' dir='ltr'>Scriptura?</span> <span class='ocrx_word' id='word_1_86' title='bbox 1153 2885 1431 2974; x_wconf 79' lang='lat' dir='ltr'>Veruntamen</span> <span class='ocrx_word' id='word_1_87' title='bbox 1449 2880 1526 2999; x_wconf 83' lang='lat' dir='ltr'>(a)</span> <span class='ocrx_word' id='word_1_88' title='bbox 1554 2880 1642 2967; x_wconf 90' lang='lat' dir='ltr'>Do·</span> 
     </span>
     <span class='ocr_line' id='line_1_15' title="bbox 558 2998 1640 3124; baseline -0.001 -36"><span class='ocrx_word' id='word_1_89' title='bbox 558 2999 699 3090; x_wconf 85' lang='lat' dir='ltr'>minus</span> <span class='ocrx_word' id='word_1_90' title='bbox 726 3002 1016 3124; x_wconf 76' lang='lat' dir='ltr'>conquassabit</span> <span class='ocrx_word' id='word_1_91' title='bbox 1046 3002 1180 3122; x_wconf 85' lang='lat' dir='ltr'>capita</span> <span class='ocrx_word' id='word_1_92' title='bbox 1199 3002 1455 3094; x_wconf 85' lang='lat' dir='ltr'>inimicorum</span> <span class='ocrx_word' id='word_1_93' title='bbox 1476 3060 1491 3104; x_wconf 95' lang='lat'>,</span> <span class='ocrx_word' id='word_1_94' title='bbox 1515 2998 1640 3089; x_wconf 87' lang='lat' dir='ltr'>verti·</span> 
     </span>
     <span class='ocr_line' id='line_1_16' title="bbox 557 3121 1636 3244; baseline 0 -39"><span class='ocrx_word' id='word_1_95' title='bbox 557 3147 646 3208; x_wconf 85' lang='lat' dir='ltr'>cent</span> <span class='ocrx_word' id='word_1_96' title='bbox 677 3126 816 3242; x_wconf 88' lang='lat' dir='ltr'>capilli</span> <span class='ocrx_word' id='word_1_97' title='bbox 836 3124 1215 3244; x_wconf 81' lang='lat' dir='ltr'>perambulantium</span> <span class='ocrx_word' id='word_1_98' title='bbox 1249 3125 1293 3214; x_wconf 88' lang='lat' dir='ltr'>in</span> <span class='ocrx_word' id='word_1_99' title='bbox 1328 3121 1488 3214; x_wconf 85' lang='lat' dir='ltr'>delictis</span> <span class='ocrx_word' id='word_1_100' title='bbox 1514 3121 1636 3208; x_wconf 85' lang='lat' dir='ltr'>suis.</span> 
     </span>
     <span class='ocr_line' id='line_1_17' title="bbox 556 3237 1643 3365; baseline -0.004 -36"><span class='ocrx_word' id='word_1_101' title='bbox 556 3237 653 3333; x_wconf 83' lang='lat' dir='ltr'>Hac</span> <span class='ocrx_word' id='word_1_102' title='bbox 667 3241 799 3365; x_wconf 85' lang='lat' dir='ltr'>igitur</span> <span class='ocrx_word' id='word_1_103' title='bbox 817 3245 1026 3336; x_wconf 88' lang='lat' dir='ltr'>unctione</span> <span class='ocrx_word' id='word_1_104' title='bbox 1050 3242 1253 3365; x_wconf 90' lang='lat' dir='ltr'>superbia</span> <span class='ocrx_word' id='word_1_105' title='bbox 1281 3244 1473 3344; x_wconf 85' lang='lat' dir='ltr'>tollitur,</span> <span class='ocrx_word' id='word_1_106' title='bbox 1505 3264 1548 3328; x_wconf 89' lang='lat' dir='ltr'>et</span> <span class='ocrx_word' id='word_1_107' title='bbox 1566 3237 1643 3326; x_wconf 56' lang='lat' dir='ltr'>huss</span> 
     </span>
     <span class='ocr_line' id='line_1_18' title="bbox 558 3360 1641 3481; baseline -0.006 -32"><span class='ocrx_word' id='word_1_108' title='bbox 558 3363 717 3456; x_wconf 87' lang='lat' dir='ltr'>militas</span> <span class='ocrx_word' id='word_1_109' title='bbox 749 3370 1102 3459; x_wconf 86' lang='lat' dir='ltr'>commendatur.</span> <span class='ocrx_word' id='word_1_110' title='bbox 1137 3366 1310 3456; x_wconf 86' lang='lat' dir='ltr'>Deinde</span> <span class='ocrx_word' id='word_1_111' title='bbox 1347 3360 1526 3481; x_wconf 90' lang='lat' dir='ltr'>suscipit</span> <span class='ocrx_word' id='word_1_112' title='bbox 1564 3387 1641 3444; x_wconf 91' lang='lat' dir='ltr'>ve-</span> 
     </span>
     <span class='ocr_line' id='line_1_19' title="bbox 560 3485 1642 3605; baseline -0.005 -35"><span class='ocrx_word' id='word_1_113' title='bbox 560 3503 669 3571; x_wconf 81' lang='lat' dir='ltr'>stem</span> <span class='ocrx_word' id='word_1_114' title='bbox 687 3486 938 3591; x_wconf 83' lang='lat' dir='ltr'>candidam,</span> <span class='ocrx_word' id='word_1_115' title='bbox 971 3518 1047 3605; x_wconf 91' lang='lat' dir='ltr'>per</span> <span class='ocrx_word' id='word_1_116' title='bbox 1068 3518 1194 3601; x_wconf 88' lang='lat' dir='ltr'>quam</span> <span class='ocrx_word' id='word_1_117' title='bbox 1212 3485 1434 3575; x_wconf 88' lang='lat' dir='ltr'>interioris</span> <span class='ocrx_word' id='word_1_118' title='bbox 1455 3546 1470 3585; x_wconf 94' lang='lat'>,</span> <span class='ocrx_word' id='word_1_119' title='bbox 1500 3499 1544 3571; x_wconf 90' lang='lat' dir='ltr'>et</span> <span class='ocrx_word' id='word_1_120' title='bbox 1564 3507 1642 3564; x_wconf 86' lang='lat' dir='ltr'>ex·</span> 
     </span>
     <span class='ocr_line' id='line_1_20' title="bbox 558 3601 1639 3719; baseline -0.006 -36"><span class='ocrx_word' id='word_1_121' title='bbox 558 3601 735 3691; x_wconf 88' lang='lat' dir='ltr'>terioris</span> <span class='ocrx_word' id='word_1_122' title='bbox 770 3606 955 3697; x_wconf 87' lang='lat' dir='ltr'>hominis</span> <span class='ocrx_word' id='word_1_123' title='bbox 985 3608 1194 3707; x_wconf 84' lang='lat' dir='ltr'>castitas,</span> <span class='ocrx_word' id='word_1_124' title='bbox 1224 3629 1270 3690; x_wconf 91' lang='lat' dir='ltr'>et</span> <span class='ocrx_word' id='word_1_125' title='bbox 1295 3605 1456 3719; x_wconf 86' lang='lat' dir='ltr'>puritas</span> <span class='ocrx_word' id='word_1_126' title='bbox 1485 3601 1639 3709; x_wconf 82' lang='lat' dir='ltr'>figura-</span> 
     </span>
     <span class='ocr_line' id='line_1_21' title="bbox 557 3710 1639 3842; baseline -0.006 -37"><span class='ocrx_word' id='word_1_127' title='bbox 557 3736 662 3807; x_wconf 84' lang='lat' dir='ltr'>tut.</span> <span class='ocrx_word' id='word_1_128' title='bbox 694 3722 855 3816; x_wconf 84' lang='lat' dir='ltr'>Audiat</span> <span class='ocrx_word' id='word_1_129' title='bbox 876 3724 1142 3842; x_wconf 78' lang='lat' dir='ltr'>Scriptorum</span> <span class='ocrx_word' id='word_1_130' title='bbox 1161 3721 1376 3809; x_wconf 88' lang='lat' dir='ltr'>dicentem</span> <span class='ocrx_word' id='word_1_131' title='bbox 1395 3718 1494 3834; x_wconf 83' lang='lat' dir='ltr'>(3)r</span> <span class='ocrx_word' id='word_1_132' title='bbox 1515 3710 1639 3798; x_wconf 88' lang='lat' dir='ltr'>Omni</span> 
     </span>
     <span class='ocr_line' id='line_1_22' title="bbox 556 3837 1395 3964; baseline -0.006 -38"><span class='ocrx_word' id='word_1_133' title='bbox 556 3845 829 3964; x_wconf 81' lang='lat' dir='ltr'>tempotefint</span> <span class='ocrx_word' id='word_1_134' title='bbox 840 3847 1078 3938; x_wconf 88' lang='lat' dir='ltr'>vestimenta</span> <span class='ocrx_word' id='word_1_135' title='bbox 1094 3864 1169 3931; x_wconf 86' lang='lat' dir='ltr'>tua</span> <span class='ocrx_word' id='word_1_136' title='bbox 1187 3837 1362 3930; x_wconf 87' lang='lat' dir='ltr'>condida</span> <span class='ocrx_word' id='word_1_137' title='bbox 1383 3896 1395 3919; x_wconf 91' lang='lat'><strong>.</strong></span> 
     </span>
    </p>
   </div>
   <div class='ocr_carea' id='block_1_4' title="bbox 921 4021 1259 4229">
    <p class='ocr_par' dir='ltr' id='par_1_4' title="bbox 921 4021 1259 4229">
     <span class='ocr_line' id='line_1_23' title="bbox 962 4021 1219 4114; baseline -0.031 0"><span class='ocrx_word' id='word_1_138' title='bbox 962 4021 1219 4114; x_wconf 75' lang='lat' dir='ltr'>Lxxvu</span> 
     </span>
     <span class='ocr_line' id='line_1_24' title="bbox 921 4163 1259 4229; baseline -0.012 0"><span class='ocrx_word' id='word_1_139' title='bbox 921 4163 1259 4229; x_wconf 70' lang='lat' dir='ltr'>nunonem</span> 
     </span>
    </p>
   </div>
   <div class='ocr_carea' id='block_1_5' title="bbox 645 4308 1637 4436">
    <p class='ocr_par' dir='ltr' id='par_1_5' title="bbox 645 4308 1637 4436">
     <span class='ocr_line' id='line_1_25' title="bbox 645 4308 1637 4436; baseline 0.004 -35"><span class='ocrx_word' id='word_1_140' title='bbox 645 4311 864 4404; x_wconf 86' lang='lat' dir='ltr'>Dominus</span> <span class='ocrx_word' id='word_1_141' title='bbox 882 4344 1029 4410; x_wconf 90' lang='lat' dir='ltr'>noster</span> <span class='ocrx_word' id='word_1_142' title='bbox 1044 4324 1165 4434; x_wconf 88' lang='lat' dir='ltr'>Jesas</span> <span class='ocrx_word' id='word_1_143' title='bbox 1186 4308 1387 4407; x_wconf 87' lang='lat' dir='ltr'>Christus</span> <span class='ocrx_word' id='word_1_144' title='bbox 1406 4309 1543 4405; x_wconf 87' lang='lat' dir='ltr'>servis</span> <span class='ocrx_word' id='word_1_145' title='bbox 1558 4314 1637 4436; x_wconf 80' lang='lat'>(4)</span> 
     </span>
    </p>
   </div>
   <div class='ocr_carea' id='block_1_6' title="bbox 555 4542 1634 5042">
    <p class='ocr_par' dir='ltr' id='par_1_6' title="bbox 556 4542 1634 4742">
     <span class='ocr_line' id='line_1_26' title="bbox 581 4542 1634 4644; baseline 0.006 -34"><span class='ocrx_word' id='word_1_146' title='bbox 581 4542 638 4630; x_wconf 82' lang='lat' dir='ltr'>(r)</span> <span class='ocrx_word' id='word_1_147' title='bbox 655 4542 744 4636; x_wconf 83' lang='lat' dir='ltr'>Quae</span> <span class='ocrx_word' id='word_1_148' title='bbox 758 4561 950 4634; x_wconf 88' lang='lat' dir='ltr'>sequuntur</span> <span class='ocrx_word' id='word_1_149' title='bbox 961 4573 1072 4644; x_wconf 78' lang='lat' dir='ltr'>usque</span> <span class='ocrx_word' id='word_1_150' title='bbox 1142 4555 1197 4642; x_wconf 76' lang='lat' dir='ltr'>(a)</span> <span class='ocrx_word' id='word_1_151' title='bbox 1213 4546 1301 4622; x_wconf 81' lang='lat' dir='ltr'>Psal.</span> <span class='ocrx_word' id='word_1_152' title='bbox 1318 4546 1434 4620; x_wconf 80' lang='lat' dir='ltr'>rxvrl.</span> <span class='ocrx_word' id='word_1_153' title='bbox 1453 4568 1515 4617; x_wconf 86' lang='lat'>22.</span> <span class='ocrx_word' id='word_1_154' title='bbox 1542 4554 1634 4616; x_wconf 86' lang='lat' dir='ltr'>Deus</span> 
     </span>
     <span class='ocr_line' id='line_1_27' title="bbox 556 4636 1332 4742; baseline 0.01 -34"><span class='ocrx_word' id='word_1_155' title='bbox 556 4636 600 4707; x_wconf 84' lang='lat' dir='ltr'>ad</span> <span class='ocrx_word' id='word_1_156' title='bbox 614 4638 763 4714; x_wconf 89' lang='lat' dir='ltr'>Numeri</span> <span class='ocrx_word' id='word_1_157' title='bbox 777 4642 890 4728; x_wconf 88' lang='lat' dir='ltr'>finem,</span> <span class='ocrx_word' id='word_1_158' title='bbox 905 4644 1070 4742; x_wconf 84' lang='lat' dir='ltr'>leguntur</span> <span class='ocrx_word' id='word_1_159' title='bbox 1118 4646 1306 4742; x_wconf 74' lang='lat' dir='ltr'>confringet</span> <span class='ocrx_word' id='word_1_160' title='bbox 1320 4694 1332 4716; x_wconf 84' lang='lat'><strong>.</strong></span> 
     </span>
    </p>

    <p class='ocr_par' dir='ltr' id='par_1_7' title="bbox 555 4738 1633 5052">
     <span class='ocr_line' id='line_1_28' title="bbox 559 4738 1459 4841; baseline -0.002 -26"><span class='ocrx_word' id='word_1_161' title='bbox 559 4738 650 4827; x_wconf 78' lang='lat' dir='ltr'>²pud</span> <span class='ocrx_word' id='word_1_162' title='bbox 663 4740 909 4818; x_wconf 67' lang='lat' dir='ltr'>&amp;Brunonem</span> <span class='ocrx_word' id='word_1_163' title='bbox 927 4745 1067 4820; x_wconf 69' lang='lat' dir='ltr'>loetit.</span> <span class='ocrx_word' id='word_1_164' title='bbox 1142 4753 1198 4841; x_wconf 85' lang='lat'>(3)</span> <span class='ocrx_word' id='word_1_165' title='bbox 1216 4745 1330 4818; x_wconf 81' lang='lat' dir='ltr'>Eccic.</span> <span class='ocrx_word' id='word_1_166' title='bbox 1351 4767 1404 4817; x_wconf 82' lang='lat' dir='ltr'>rx.</span> <span class='ocrx_word' id='word_1_167' title='bbox 1424 4746 1459 4814; x_wconf 87' lang='lat'>8.</span> 
     </span>
     <span class='ocr_line' id='line_1_29' title="bbox 556 4839 1633 4946; baseline -0.01 -23"><span class='ocrx_word' id='word_1_168' title='bbox 556 4853 724 4946; x_wconf 55' lang='lat' dir='ltr'>Pffgdep</span> <span class='ocrx_word' id='word_1_169' title='bbox 740 4847 861 4923; x_wconf 90' lang='lat' dir='ltr'>iisdem</span> <span class='ocrx_word' id='word_1_170' title='bbox 880 4845 979 4941; x_wconf 85' lang='lat' dir='ltr'>plane</span> <span class='ocrx_word' id='word_1_171' title='bbox 993 4871 1066 4919; x_wconf 85' lang='lat' dir='ltr'>ver·</span> <span class='ocrx_word' id='word_1_172' title='bbox 1142 4854 1195 4943; x_wconf 85' lang='lat'>(4)</span> <span class='ocrx_word' id='word_1_173' title='bbox 1214 4847 1248 4916; x_wconf 89' lang='lat' dir='ltr'>S.</span> <span class='ocrx_word' id='word_1_174' title='bbox 1266 4844 1483 4937; x_wconf 81' lang='lat' dir='ltr'>Augustinus</span> <span class='ocrx_word' id='word_1_175' title='bbox 1511 4839 1633 4932; x_wconf 77' lang='lat' dir='ltr'>Expo-</span> 
     </span>
     <span class='ocr_line' id='line_1_30' title="bbox 555 4929 1630 5042; baseline -0.013 -18"><span class='ocrx_word' id='word_1_176' title='bbox 555 4929 631 5023; x_wconf 57' lang='grc' dir='ltr'>διδ)</span> <span class='ocrx_word' id='word_1_177' title='bbox 651 4938 789 5030; x_wconf 63' lang='lat' dir='ltr'>inverso</span> <span class='ocrx_word' id='word_1_178' title='bbox 805 4966 919 5030; x_wconf 62' lang='lat' dir='ltr'>tamen</span> <span class='ocrx_word' id='word_1_179' title='bbox 932 4944 1067 5028; x_wconf 66' lang='lat' dir='ltr'>Ordine·</span> <span class='ocrx_word' id='word_1_180' title='bbox 1118 4941 1630 5042; x_wconf 64' lang='lat' dir='ltr'>sittinEVassgejoassrTracteVo</span> 
     </span>
    </p>
   </div>
   <div class='ocr_carea' id='block_1_7' title="bbox 0 0 2146 6125">
    <p class='ocr_par' dir='ltr' id='par_1_8' title="bbox 0 0 2146 6125">
     <span class='ocr_line' id='line_1_31' title="bbox 0 0 2146 6125; baseline 0 0"><span class='ocrx_word' id='word_1_181' title='bbox 0 0 2146 6125; x_wconf 95' lang='lat' dir='ltr'> </span> 
     </span>
    </p>
   </div>
  </div>
 </body>
</html>
