4284 6125
733 1372 745 1427 τ
795 1366 1254 1431 uxutrcnuro:
1457 1346 1561 1469 ”567

494 1471 617 1584 Judas
637 1487 753 1551 ortus
772 1490 832 1549 est
847 1490 912 1562 ,et
931 1464 1215 1548 Antichristus
1235 1486 1297 1549 est
1319 1465 1570 1572 nasciturus,

496 1591 566 1678 cui
588 1591 683 1672 dare
700 1587 829 1696 Jacob
851 1580 987 1668 noluit
1005 1580 1377 1687 benedictionem,
1415 1594 1568 1702 psaevj.

498 1711 600 1793 dens
627 1733 700 1820 per
721 1701 920 1818 spiritum
950 1702 1075 1784 multa
1105 1703 1205 1785 mala
1238 1703 1288 1783 de
1309 1730 1360 1790 eo
1393 1710 1534 1823 egredi
1558 1741 1572 1812 ;

486 1829 610 1911 unde
640 1846 753 1938 patet
774 1822 878 1937 (r):
915 1820 1006 1906 fiac
1026 1821 1118 1905 Dan
1147 1821 1359 1907 coluberiu
1389 1828 1485 1927 uia,
1514 1859 1579 1917 ce.

498 1967 628 2034 rustes
647 1941 841 2029 inseruire
860 1943 1045 2026 mordens
1059 1942 1256 2056 ungulum
1276 1941 1394 2054 equi.
1418 1947 1577 2062 loseph

498 2069 580 2153 boc
599 2061 747 2147 videns
770 2056 968 2174 rogavit,
997 2080 1045 2145 ut
1064 2057 1108 2142 in
1127 2059 1213 2168 eius
1236 2059 1331 2144 loco
1360 2062 1578 2153 benedice-

498 2207 566 2271 ret
605 2181 689 2265 filio
722 2206 798 2263 suo
826 2179 1020 2265 Manasse
1069 2178 1338 2264 obliviscenti
1376 2201 1578 2286 terrena,

499 2301 615 2387 etad
641 2295 968 2396 necessitatem,
1001 2293 1080 2382 hoc'
1104 2321 1197 2397 est,
1227 2299 1275 2382 ad
1310 2322 1424 2411 spem
1457 2303 1579 2386 caele·

500 2418 575 2503 stis
599 2416 698 2506 uitae
720 2422 768 2502 'se
804 2414 1078 2503 extendenti.
1112 2416 1237 2501 Unde
1253 2417 1453 2525 Jeremias
1469 2421 1575 2534 (o)=

501 2539 595 2656 Ego
619 2538 756 2623 videns
765 2555 1041 2655 paupertatem
1061 2560 1188 2621 meum
1213 2598 1224 2621 .
1259 2535 1341 2620 Sed
1362 2537 1457 2648 quia
1473 2539 1585 2626 desi·
1620 2619 1625 2627 .

497 2655 664 2742 derium
681 2658 754 2771 (3)
785 2656 878 2739 talia
898 2651 1198 2766 postulantium
1220 2678 1331 2768 saepe
1357 2656 1583 2758 differtur,

498 2775 589 2886 jure
608 2797 708 2891 post
723 2770 1146 2868 Manassen,Simeou
1159 2773 1584 2864 collocaturroudienr

497 2895 706 2980 tristitiom
739 2890 1040 3005 interpretatut
1070 2916 1262 2980 venturae
1291 2892 1367 2980 itae
1400 2894 1581 3003 judicii,

499 3012 566 3098 vel
578 3015 749 3129 plorans
766 3040 845 3125 pto
864 3010 1048 3127 peccatis
1067 3013 1183 3111 suis,
1219 3032 1260 3104 et
1278 3013 1452 3102 aliorum
1474 3045 1486 3117 ;
1519 3015 1582 3101 di·

497 3131 564 3219 xit
589 3131 701 3216 enirn
727 3153 856 3217 mater
887 3130 974 3240 ejus
999 3131 1103 3248 (4):
1136 3132 1362 3218 Exaudiuit
1379 3136 1580 3222 Dominus

497 3282 588 3338 me.
617 3250 700 3337 Sed
722 3250 820 3363 quia
837 3249 1000 3337 audiuit
1019 3249 1265 3347 tristitiem,
1298 3250 1487 3335 audiatur
1510 3281 1582 3339 ne·

497 3397 670 3456 necesse
699 3393 761 3455 est
781 3392 823 3456 et
850 3393 1006 3455 nomen
1034 3368 1292 3469 habitaculi,
1326 3371 1440 3482 quod
1465 3369 1580 3460 idem

499 3489 672 3576 Simeon
691 3511 846 3576 sonat.
917 3492 919 3497 ’
1604 3575 1607 3582 .

570 3608 602 3693 li
627 3607 729 3720 ,qui
745 3606 790 3694 in
806 3603 1086 3727 praesentibus
1104 3606 1218 3695 malis
1240 3607 1454 3697 tristantur
1476 3667 1489 3706 ,
1521 3609 1574 3693 de

496 3725 648 3814 futuris
672 3728 795 3820 bonis
815 3728 1088 3818 consolentur
1114 3757 1128 3832 ;
1162 3753 1203 3813 et
1229 3729 1301 3842 qui
1318 3752 1501 3815 moerent
1527 3726 1575 3811 in

497 3848 766 3933 tabernaculo
785 3847 1107 3960 corruptionis,
1137 3848 1340 3962 gaudeant
1359 3848 1409 3932 de
1438 3845 1574 3929 taber·-

497 3968 647 4054 naculo
666 3990 840 4053 aeternae
858 3966 1156 4079 quietis3unde
1171 3965 1374 4081 scriptum
1390 3987 1452 4051 est
1471 3963 1570 4078 (5):
1680 4020 1682 4024 ν

497 4087 651 4220 Corpus
666 4086 859 4205 quidem,
892 4095 1003 4204 quod
1035 4085 1334 4294 wimiifim'
1363 4103 1571 4205 aggravat

1240 4236 1268 4293 ¹¹
1298 4233 1327 4320 4

492 4426 574 4515 lli)
595 4428 685 4500 lbid.
706 4452 737 4500 c·
750 4455 853 4505 retu.
866 4454 1001 4526 ver.17.
1088 4437 1141 4526 (4)
1156 4433 1384 4504 Gener-1111.
1402 4444 1458 4513 33·
1475 4421 1565 4503 Qv-

495 4525 663 4616 ungulas,
1062 4527 1298 4601 niamaudt‘ur't
1315 4520 1561 4595 manumittas.-

521 4628 577 4709 (2)
594 4622 789 4695 Tmen-111·
809 4648 839 4698 1.
857 4635 927 4721 Ego
941 4630 998 4699 vla·
1095 4621 1257 4718 (5)Sapit
1281 4645 1320 4696 ιι
1351 4639 1406 4713 15.
1441 4623 1561 4708 corpus

495 4719 684 4790 vidensetc.
727 4729 780 4810 (3)
798 4724 890 4795 Cod.
911 4746 998 4797 men·
1056 4725 1166 4797 enim.

496 4817 576 4887 dose
591 4818 789 4890 desiderante·
807 4868 819 4890 .
