4284 6125
801 1356 1232 1421 suessonam.
1305 1388 1310 1395 ·
1462 1361 1548 1448 441

494 1453 797 1577 praedictorum
833 1478 1068 1565 temporum
1103 1449 1340 1561 qualitatem
1375 1481 1560 1570 congrue

493 1574 717 1689 provisum
746 1595 807 1657 est
835 1600 857 1656 a
881 1569 1008 1656 Beato
1023 1566 1243 1684 'Gregorio
1260 1628 1276 1667 ,
1295 1593 1340 1654 ut
1365 1570 1407 1657 in
1426 1579 1564 1687 prima
1630 1658 1636 1671 ,

493 1691 724 1782 Dominica
744 1688 905 1779 dicatur
923 1685 1124 1775 Officium
1143 1685 1212 1773 Ad
1225 1707 1265 1774 te
1287 1689 1416 1776 levavi
1433 1723 1445 1794 ;
1462 1691 1563 1777 San·

498 1811 558 1899 cti
577 1808 724 1906 enim,
759 1807 831 1923 qui
860 1808 1022 1920 t'cmpus
1055 1804 1156 1920 legis
1184 1832 1490 1917 praecesserunt
1516 1810 1568 1895 ad

501 1925 819 2015 similitudinem
847 1925 964 2044 grani
984 1984 998 2026 ,
1020 1927 1134 2036 quod
1160 1927 1211 2007 de
1240 1949 1349 2009 terra
1373 1927 1568 2028 levatur,

500 2075 548 2132 ut
566 2046 610 2132 in
639 2046 836 2132 horreum
854 2048 1105 2160 deportetur
1126 2101 1139 2142 ,
1158 2045 1206 2127 ad
1227 2041 1387 2131 Christi
1420 2050 1574 2135 adven·

503 2192 592 2251 tum
622 2193 664 2249 se
683 2162 894 2281 erigentes
915 2222 929 2261 ,
948 2163 991 2248 in
1019 2163 1215 2248 horreum
1244 2162 1421 2250 caelestis
1456 2163 1573 2281 regni

503 2312 580 2397 per
608 2281 746 2397 ipsum
779 2311 822 2369 se
841 2281 1074 2369 certissime
1095 2281 1168 2397 (ι)
1186 2283 1422 2395 portandos
1440 2312 1577 2396 spera·

505 2406 606 2487 bant
626 2459 639 2497 ,
659 2430 704 2487 ac
722 2398 756 2484 si
777 2401 969 2490 dicerent
990 2430 1001 2485 r
1028 2398 1098 2485 Ad
1115 2399 1301 2486 televoor‘
1320 2460 1329 2481 .
1361 2401 1408 2485 ln
1430 2428 1577 2485 secun·

505 2522 556 2605 da
594 2546 698 2605 veto
724 2516 954 2608 Dominica
973 2516 1151 2607 dicitur:
1168 2519 1345 2633 Populos
1364 2519 1436 2634 (2)
1449 2520 1545 2608 Sion
1564 2580 1579 2622 ‚

518 2634 614 2750 quia
642 2635 673 2721 ii
698 2698 709 2733 ‚
731 2637 804 2751 qui
834 2641 909 2726 sub
939 2635 1091 2753 legein
1118 2633 1224 2733 Sion
1251 2694 1265 2735 ,
1293 2662 1337 2721 et
1357 2636 1402 2723 in
1419 2640 1579 2748 Jerusa-

505 2756 586 2841 lem
619 2754 859 2844 habitabant
894 2815 908 2856 ,
942 2755 994 2842 de
1027 2757 1214 2839 adventu
1248 2750 1479 2845 salvatoris
1506 2784 1581 2872 per

506 2876 736 2986 Prophetas
775 2874 873 2975 his,
918 2898 959 2958 et
993 2869 1085 2958 aliis
1117 2868 1400 2981 hujuscemodi
1436 2875 1582 2963 verbis

510 2993 840 3080 consolabantur
873 2992 1051 3107 Populos
1083 2988 1210 3078 Sion.
1244 2994 1292 3080 ln
1321 2991 1444 3080 tertia
1475 3024 1581 3082 vero

509 3107 743 3198 Dominica
776 3109 931 3199 dicitur
955 3141 967 3197 s
1005 3109 1186 3197 Gaudete
1208 3112 1281 3226 (3)
1311 3112 1351 3198 irr
1370 3114 1579 3228 Dornr‘n03

511 3250 552 3314 et
579 3227 610 3311 ii
647 3248 839 3344 tempore
864 3229 1202 3343 Prophetarum,
1231 3231 1348 3341 quasi
1370 3229 1449 3340 jam
1475 3261 1581 3345 prae·

514 3374 609 3433 sens
633 3349 795 3434 adesset
812 3347 1005 3463 gaudium
1033 3343 1159 3460 primi
1187 3348 1389 3448 adventus
1406 3407 1421 3449 ‚
1436 3377 1584 3438 mone·

513 3467 664 3550 bantur
686 3495 712 3570 ;¹
732 3463 842 3553 sicut
873 3494 948 3581 pet
968 3464 1226 3578 Apostolum
1243 3466 1292 3570 ad
1309 3465 1503 3581 gaudium
1521 3468 1581 3558 fu·

514 3581 596 3668 turi
616 3583 820 3670 adrentus
846 3609 1164 3672 commonemur
1182 3581 1246 3668 his
1265 3582 1406 3688 verbis
1426 3616 1438 3670 s
1472 3587 1582 3676 Gon·

511 3701 655 3789 dctein
675 3702 848 3790 Domino
874 3764 886 3786 .

630 3817 675 3905 Si
694 3850 798 3907 vero
831 3819 916 3907 isto
937 3846 1116 3905 excursu
1134 3815 1337 3933 temporis
1355 3843 1501 3930 quarta
1520 3822 1581 3914 in·

516 3938 750 4025 tervenerit
782 3934 1058 4036 Dominicas
1097 3939 1303 4053 repetitur
1347 3935 1585 4043 Officium-r,

514 4059 627 4171 quod
663 4056 708 4142 in
744 4082 889 4169 quarta
918 4053 1023 4140 feria
1050 4052 1200 4164 jejunii
1229 4054 1362 4142 luerat
1395 4058 1586 4170 dictum,

516 4174 678 4264 scilicet
702 4176 888 4278 Rorote3
919 4200 964 4261 et
996 4173 1075 4259 hoc
1102 4172 1148 4259 in
1174 4173 1464 4291 designatione
1491 4176 1585 4288 illo·

517 4321 641 4395 rum,
676 4322 748 4405 qur
780 4293 825 4380 in
853 4294 948 4407 ipso
982 4289 1320 4400 incarnationis,
1353 4317 1396 4378 et
1432 4325 1586 4394 conce,-

518 4408 679 4522 ptionis
712 4437 902 4525 ternpore
936 4406 1116 4497 caelestis
1145 4438 1284 4496 rorem
1317 4409 1460 4529 gratiae
1494 4473 1507 4514 ,
1540 4427 1586 4508 e't

501 4634 503 4642 Ι
516 4526 671 4643 grani,
701 4560 725 4618 a
756 4558 841 4643 quo
861 4528 995 4648 surgit
1019 4527 1178 4617 fructus
1196 4527 1299 4616 vitae
1327 4588 1341 4638 ,
1371 4559 1416 4620 ac
1441 4532 1585 4658 salutis

502 4767 505 4774 r
542 4710 595 4790 (ι)
612 4707 703 4778 Cod.
729 4710 888 4779 mendose
913 4728 1020 4778 scere·
1094 4716 1148 4798 (2)
1171 4708 1208 4777 ln
1241 4702 1387 4779 introitu
1419 4703 1584 4784 Dom'ini-

503 4802 665 4882 ‚tr‘ssr'mn
703 4801 805 4874 Forte
842 4826 876 4881 se
902 4805 1019 4879 certis·
1068 4826 1116 4875 cae
1135 4803 1182 4873 rl.
1200 4805 1406 4875 Adventus.

516 4899 620 4974 sime.
1091 4908 1145 5000 (3)
1160 4897 1286 4995 Philip.
1307 4920 1362 4971 tv.
1378 4929 1415 4999 4.
