4284 6125
855 1404 1304 1471 exntrcnrroe
1360 1368 1380 1443 f
1510 1411 1561 1500 ¹5

541 1534 669 1619 saper
683 1533 808 1602 eum,
839 1499 1035 1621 ungentes
1053 1534 1142 1589 eum
1161 1505 1248 1590 oleo
1279 1503 1495 1593 innomine
1511 1510 1591 1594 Do·

541 1624 641 1710 mini
661 1653 676 1709 e
703 1644 743 1711 et
756 1623 960 1710 alleviabit
974 1650 1065 1708 eum
1084 1616 1320 1720 Dominae,
1351 1643 1391 1709 et
1404 1623 1442 1710 ci
1454 1623 1495 1708 in
1504 1660 1591 1742 pec·

541 1742 644 1832 catis
660 1740 714 1828 rit
738 1800 754 1842 ,
782 1741 1036 1829 dimittentur
1051 1739 1118 1826 ei.
1150 1743 1197 1825 ln
1217 1769 1301 1852 quo
1329 1744 1591 1847 ostenditur,

540 1859 703 1975 duplici
737 1889 934 1948 excausa
966 1859 1278 1945 Sacramentum
1313 1858 1393 1945 hoc
1429 1857 1591 1952 institu·

545 2001 634 2065 tum
660 2037 676 2079 ‚
705 1977 867 2066 scilicet
891 1980 941 2064 ad
971 2004 1241 2093 peccatorum
1275 1974 1591 2084 remissionem,

544 2099 663 2183 etad
693 2095 927 2212 corporalis
960 2092 1219 2182 infirmitatis
1252 2093 1591 2204 alleviationem

543 2217 654 2302 unde
671 2238 836 2304 constat
854 2245 952 2302 euru
972 2274 986 2316 ‚
1005 2207 1077 2328 qui
1099 2215 1200 2302 hanc
1219 2211 1482 2301 Unctionem
1501 2219 1591 2304 fide·

545 2332 641 2421 liter
669 2337 912 2447 devoteque
929 2329 1113 2448 percipit
1134 2391 1147 2433 ,
1179 2354 1221 2418 et
1240 2329 1289 2417 ¹in
1307 2354 1523 2445 corpore,
1554 2361 1591 2422 et

543 2451 589 2538 in
614 2450 751 2539 anime
783 2451 965 2540 alleviari
988 2484 1002 2557 ;
1034 2449 1068 2538 si
1099 2472 1235 2539 tamen
1254 2451 1458 2566 expedit,
1486 2476 1534 2540 ut
1553 2454 1591 2541 in

544 2594 728 2682 utroque
756 2570 1008 2659 allevietur.
1042 2571 1173 2694 Quod
1207 2567 1242 2655 si
1275 2567 1384 2655 sorte
1401 2573 1591 2685 corporis

544 2689 830 2778 valetudinem
863 2689 923 2779 illi
943 2693 1098 2780 habere
1118 2714 1204 2775 non
1220 2686 1426 2802 expedit,
1456 2688 1563 2777 illem
1585 2753 1591 2793 2

545 2837 640 2922 quae
659 2830 724 2896 est
738 2807 892 2897 animae
911 2858 926 2910 5
957 2810 1176 2899 sanitatem
1194 2804 1239 2893 in
1258 2807 1337 2914 lroc
1356 2806 1591 2896 Sacramen-

544 2948 588 3014 to
620 2926 835 3041 acquirit3
866 2929 918 3015 Et
948 2927 1058 3017 sicut
1092 2928 1139 3015 in
1173 2924 1262 3013 aliis
1281 2929 1591 3026 sacramentis,

541 3043 663 3131 itaet
685 3047 729 3133 in
750 3046 832 3135 isto
851 3067 868 3134 t·
896 3047 1005 3135 aliud
1025 3048 1371 3145 Sacramentum,
1402 3046 1510 3139 aliud
1528 3070 1591 3134 ret

543 3162 841 3253 Sacramenri.
885 3166 1197 3254 Sacramentum
1232 3188 1294 3251 est
1326 3166 1415 3279 ipsa
1432 3164 1591 3254 Unctio

543 3283 774 3381 exterior,
805 3311 872 3371 res
905 3284 1162 3374 Sacramenti
1182 3280 1346 3370 Unctio
1378 3282 1591 3384 interior,

541 3428 638 3513 quae
658 3423 926 3515 peccatorum
942 3404 1186 3492 remissione
1201 3462 1214 3504 ,
1229 3426 1270 3487 er
1288 3400 1492 3490 virtutum
1509 3429 1591 3490 am-

536 3517 744 3631 pliatione
764 3516 979 3635 perficitur
999 3587 1010 3608 .
1046 3525 1358 3612 Sacramentum
1377 3519 1490 3609 enim
1510 3540 1591 3624 est,

537 3639 707 3748 quando
733 3669 861 3726 unum
881 3638 1080 3744 videtur,
1110 3666 1152 3729 et
1184 3640 1293 3727 aliud
1310 3637 1555 3757 intelligi-ter
1576 3705 1589 3727 .

535 3753 640 3842 Etsi
665 3784 716 3843 ex
735 3782 1014 3874 contemptu,
1045 3765 1113 3847 vel
1133 3758 1385 3879 negligentia
1418 3760 1498 3849 boc
1516 3757 1589 3846 Sa·

536 3902 792 3963 crementum
812 3881 1178 4000 praetermittitur,
1207 3881 1491 3996 periculosum
1508 3900 1589 3981 ert,

533 4015 580 4078 et
594 3994 828 4086 damnabile
845 4000 920 4120 (1)
936 4064 948 4091 .

560 4265 613 4352 (1)
632 4264 720 4343 Vide
733 4267 913 4345 Benedict.
928 4270 1022 4347 mv.
1039 4276 1080 4348 le
1095 4274 1218 4371 &nolo
1233 4279 1425 4350 araceum
1440 4266 1586 4368 cap-vti.

534 4377 841 4465 ”menae-253·
