4284 6125
1583 1440 2575 1501 --exPL1cA‘1-10.
2802 1410 2810 1414 ’
3043 1443 3219 1537 527

1055 1626 1060 1633 ,
1247 1528 1415 1646 Ipsi
1458 1530 1876 1647 Lugentes
1913 1534 2135 1621 beati
2178 1557 2653 1629 vocantur,
2690 1531 2833 1646 qui
2873 1535 3004 1620 vel
3040 1570 3221 1640 sua,

1077 1650 1218 1735 vel
1258 1651 1609 1739 aliorum
1645 1679 1986 1764 peccata
2022 1650 2383 1753 deflent3
2416 1679 2591 1751 sua,
2624 1656 2851 1745 velut
2889 1652 3209 1757 David,

1073 1766 1222 1882 qui
1273 1770 1598 1857 dicebat
1596 1769 1840 1903 ·(1).
1900 1772 2262 1859 Fuerunt
2297 1769 2490 1857 mihi
2521 1772 2900 1883 lacrymae
2942 1804 3197 1862 meae·
3175 1844 3202 1879 ,

1065 1886 1419 1975 aliorum
1456 1946 1486 1987 ,
1549 1889 1763 1978 sicut
1805 1889 2198 1993 Samuel,
2262 1864 2411 2002 qui
2448 1887 2839 1973 omnibus
2908 1893 3199 1977 diebus

1061 2003 1276 2092 vitae
1315 2037 1488 2097 suae
1527 2007 1734 2095 luxit
1775 2012 2136 2115 Saulem,
2173 2029 2256 2093 et
2295 2006 2732 2122 populum,
2764 2008 2905 2119 qui
2939 2040 3210 2100 reces-

1063 2146 1357 2211 serunt
1408 2158 1453 2213 a
1491 2126 1930 2221 Domino.
2001 2130 2165 2217 Sed
2210 2124 2408 2240 quid
2465 2126 2938 2239 lugentibus
3016 2157 3205 2241 pro-

1070 2240 1443 2331 mittitur
1483 2243 1531 2337 2
1565 2246 2091 2350 consolatio;
2157 2247 2494 2341 dicente
2526 2243 2973 2335 Domino:
2950 2279 3110 2362 .qu
3120 2280 3202 2334 o·

1062 2360 1285 2447 niam
1361 2362 1515 2480 ipsi
1567 2370 2275 2459 consotabuntur.
2348 2363 2509 2453 Sed
2587 2392 2777 2479 quae
2850 2388 2974 2449 est
3044 2364 3203 2453 ista

1071 2482 1544 2573 consolatio
1580 2480 1624 2577 2
1689 2484 2042 2575 refectio
2117 2482 2422 2617 aeterni
2458 2481 2734 2600 gaudii
2785 2541 2813 2580 ,
2878 2509 2965 2569 et
3006 2512 3191 2596 per-

1069 2619 1357 2710 petuae
1426 2598 1808 2703 laetitiae.
1878 2611 2323 2695 Possumus
2361 2599 2452 2685 in
2518 2599 2991 2691 hocloco
2967 2600 3199 2711 ,usti-

1066 2713 1272 2801 tiam
1306 2719 1495 2805 fidei
1536 2780 1564 2823 ,
1627 2747 1711 2808 et
1742 2746 2208 2825 ceterarum
2265 2723 2669 2807 virtutum
2704 2716 3207 2852 intelligere,

1069 2831 1292 2919 illam
1331 2836 1776 2941 videlicet,
1811 2846 1912 2930 de
1957 2874 2113 2957 qua
2158 2838 2623 2953 Apostolus
2661 2835 2771 2923 ait
2812 2840 3002 2953 (2)·
3056 2840 3200 2935 Ju-

1067 2953 1287 3039 stitia
1383 2980 1652 3047 nutem
1689 2962 1846 3064 Dei
1888 2993 2039 3080 per
2068 2960 2329 3074 fidem
2372 2958 2562 3053 Iesu
2627 2944 2918 3051 Christi
2964 2987 3204 3074 super

1069 3101 1345 3160 omnes
1380 3134 1410 3186 ‚
1444 3083 1589 3190 qui
1622 3085 2015 3170 credunt.
2055 3082 2343 3184 Docet
2381 3105 2537 3163 nos
2570 3075 2988 3176 Dominus
3025 3107 3203 3167 esu-

1075 3190 1247 3275 rire
1299 3248 1327 3287 ,
1415 3216 1500 3292 et
1557 3194 1798 3285 sitire
1868 3198 2339 3309 justitiam,
2405 3198 2561 3284 boc
2632 3218 2757 3282 est
2805 3255 2832 3294 ,
2890 3220 2982 3284 ut
3050 3226 3203 3282 nos

1074 3337 1502 3445 nunquam
1535 3315 1734 3416 satis
1767 3344 1946 3405 esse
1995 3317 2261 3429 justos
2301 3342 2687 3434 putemus
2728 3371 2759 3410 ‚
2820 3317 2959 3399 sed
2998 3344 3209 3402 sem-

1072 3455 1225 3541 per
1281 3427 1532 3544 magis
1601 3435 1919 3530 bonum
1967 3438 2239 3538 facere
2296 3433 2713 3534 velimus,
2774 3460 3017 3564 quam
3058 3459 3209 3518 no-

1075 3570 1248 3644 stra
1304 3546 1644 3647 facultas
1688 3578 2076 3668 suppetat
2139 3618 2162 3643 .
2236 3558 2679 3652 Possumus
2734 3574 2981 3635 ettam
3055 3578 3206 3664 pet·

1071 3660 1472 3772 justitiam
1513 3666 1981 3789 intelligere
2019 3672 2493 3760 Dominum
2522 3691 2895 3758 nostrum
2928 3667 3208 3786 Jesum

1075 3780 1592 3884 Christum,
1655 3791 1797 3900 qui
1855 3797 2312 3880 secundum
2379 3786 2879 3904 Apostolum
2930 3779 3207 3874 factus

1072 3922 1196 3985 est
1232 3898 1549 4009 justitia
1583 3909 1733 4024 (3)
1766 3908 2347 4014 ,sanctificatio
2376 3968 2405 4008 ,
2439 3934 2687 4020 atque
2734 3906 3207 4041 redemptio

1073 4042 1422 4104 nostra.
1490 4023 1922 4122 Admonet
1957 4059 2160 4146 ergo
2196 4059 2351 4120 nos
2395 4026 2810 4136 Dominus
2850 4026 3209 4126 esurire,

1071 4161 1157 4220 et
1189 4136 1933 4283 sitirejustitiam,
2000 4152 2163 4240 hoc
2202 4171 2396 4252 est,
2454 4146 2820 4260 seipsum
2863 4202 2892 4244 ‚
2958 4168 3050 4230 ut
3083 4175 3210 4231 ar-

1067 4255 1362 4342 dentes
1401 4256 1573 4372 ejus
1611 4266 1961 4384 vestigia
2015 4294 2521 4382 sequamur.
2602 4261 2765 4350 Sed
2806 4260 3007 4376 quid
3079 4261 3203 4352 eis

1067 4375 1598 4506 promittitur
1636 4382 1682 4469 2
1744 4386 2199 4488 saturitas.
2272 4386 2440 4486 Sed
2480 4413 2669 4497 quae
2691 4406 2832 4470 est
2899 4381 3051 4466 ista
3085 4411 3206 4468 sa·

1071 4489 1366 4580 turitas
1403 4493 1447 4582 2
1510 4498 1864 4600 refectio
1922 4532 2267 4610 aeternae
2322 4499 2772 4592 felicitatis.

1059 4829 1066 4836 ·
1127 4783 1629 4871 (1)Psal.xu.
1665 4821 1735 4886 4.
1804 4825 1814 4834 ·
2067 4855 2072 4862 .
2184 4796 2431 4868 christi
2477 4793 2544 4866 in
2574 4813 2835 4867 omnes,
2894 4803 2958 4858 et
3010 4804 3211 4886 super

1122 4888 1230 4964 (²)
1265 4880 1616 4982 R²m·¹1.1·
1649 4915 1762 4962 22.
1817 4893 2076 4964 Iustitia
2178 4915 2447 4974 omnes,
2524 4891 2891 4962 mcredunt
2936 4889 3005 4960 in
3030 4911 3205 4972 eum,

1067 4992 1293 5058 autem
1349 4987 1476 5054 Dei
1511 5001 1639 5084 per
1681 4985 1878 5072 fidem
1925 4996 2073 5061 Iesu
2231 4995 2337 5090 (3)
2368 5012 2421 5060 ι.
2426 4909 2724 5060 gerim.
2754 5012 2810 5060 1.
2842 5005 2961 5079 30.
