4284 6125
573 1354 633 1437 82
807 1346 1074 1421 nrvrrrortrrrr
1105 1339 1387 1405 orerorosunr

1011 1499 1045 1583 L
1062 1496 1099 1580 X
1117 1497 1133 1577 1
1153 1496 1184 1576 1.

774 1645 833 1707 no
863 1640 1035 1703 sractts
1052 1670 1066 1714 ,
1106 1636 1164 1698 ετ
1195 1640 1425 1702 sroenrnns

686 1795 831 1882 Sidera
850 1854 861 1890 ,
897 1793 963 1876 vel
985 1788 1125 1881 Stellae
1143 1815 1238 1879 sont
1260 1794 1403 1882 fideles
1421 1791 1466 1881 in
1485 1793 1632 1885 Eccle-

571 1914 629 2005 sia
647 1973 661 2013 ‚
679 1915 750 2026 qui
783 1910 824 1996 dt
856 1910 1009 1997 innten-
1032 1911 1242 2000 doctrinae
1260 1974 1273 2014 ‚
1291 1913 1334 2002 tit
1352 1934 1510 2005 sanctes
1526 1942 1630 2003 con·

571 2028 825 2119 versationis
845 2024 936 2116 atiis
954 2029 1272 2139 administran13
1304 2034 1408 2124 &in
1429 2033 1629 2152 semetip-

567 2152 624 2239 sis
659 2142 935 2263 perficiunt,
980 2148 1023 2236 δι
1074 2148 1119 2237 in
1163 2149 1440 2247 inferioribus
1486 2155 1627 2241 lumen

570 2262 761 2356 scientiae
787 2264 1108 2359 demonstrant.

991 2446 1081 2537 LX
1100 2452 1198 2538 ΙΙΙ.

901 2595 962 2656 ort
994 2597 1130 2659 scats
1162 2597 1278 2660 crant

679 2737 802 2852 Vidit
817 2745 948 2854 Jacob
966 2750 1039 2869 (r)
1059 2751 1102 2839 in
1139 2743 1298 2839 somnis
1333 2746 1491 2839 Scaiant
1510 2768 1622 2833 stan·

561 2874 646 2943 tent
667 2890 790 2979 snper
812 2887 964 2953 terrant
984 2928 998 2965 ‚
1015 2871 1059 2961 <it
1076 2897 1275 2966 cacumen
1293 2865 1403 2955 illins
1426 2869 1620 2984 tangebat

558 2979 709 3069 caelum
733 3013 746 3087 ;
778 2977 999 3105 &Angeli
1023 2985 1203 3080 Domini
1231 2989 1545 3086 ascendebant,
1576 2983 1621 3073 dt

559 3098 873 3191 descendebant
903 3137 1097 3226 pereant
1135 3172 1145 3192 .
1196 3106 1380 3194 Somnus
1416 3107 1528 3196 enirn
1557 3108 1621 3216 Ja-

563 3222 645 3306 cob
665 3223 737 3342 (o)
754 3251 897 3333 mors,
921 3228 1012 3321 sive
1030 3227 1171 3352 passio
1189 3227 1353 3320 Christi
1373 3252 1437 3319 est
1457 3292 1468 3313 .
1504 3225 1621 3314 Scala

584 3451 640 3536 (1)
657 3447 781 3523 Gents.
793 3459 927 3532 xxvttl.
947 3481 1003 3533 12.
1118 3510 1143 3545 „
1158 3480 1229 3534 stus
1243 3460 1276 3532 in
1291 3455 1469 3530 betlehem
1487 3503 1498 3524 .
1514 3452 1619 3520 Porta

588 3547 643 3634 (2)
663 3543 784 3621 Fusius
836 3554 871 3623 S.
916 3556 1064 3630 isidorus
1114 3582 1239 3642 „vero
1265 3553 1361 3633 cali,
1394 3549 1472 3643 quia
1507 3546 1553 3616 ibi
1584 3546 1618 3613 in

564 3638 762 3719 Comment.
774 3647 807 3719 in
821 3651 910 3722 Gen.
926 3673 1066 3722 cxxiv.
1119 3699 1143 3735 ,‚
1159 3671 1282 3724 terram
1298 3645 1484 3718 descendit:
1495 3640 1541 3711 ibi
1557 3637 1621 3706 ite-

565 3744 615 3805 De
633 3740 848 3841 triennum
864 3746 952 3816 vidit
968 3742 1069 3818 Jacob
1119 3791 1144 3827 „
1162 3769 1237 3816 rum
1265 3742 1306 3810 ad
1320 3736 1438 3809 caelum
1456 3756 1618 3806 conscen-

562 3857 686 3933 p28043
696 3859 727 3924 5·
742 3840 860 3914 scribit
876 3868 886 3914 a
900 3889 924 3923 ‚‚
937 3843 1003 3914 iste
1017 3840 1033 3923 J
1039 3864 1068 3909 a·
1117 3887 1142 3922 ,‚
1160 3838 1210 3912 dit
1225 3884 1236 3906 .
1251 3829 1387 3908 Erectio
1404 3847 1514 3904 tutent
1531 3829 1616 3922 lapi·

559 3938 666 4016 „cob
698 3961 789 4009 mors
817 3986 829 4020 ,
855 3938 926 4011 sive
955 3936 1067 4031 passio
1117 3935 1207 4018 „dis
1240 3925 1447 4002 resurrectio
1479 3927 1613 4000 Christi

562 4079 589 4117 „
605 4031 739 4107 Christi
753 4050 804 4104 est
820 4080 831 4107 .
845 4034 946 4126 Lapis
960 4035 1002 4108 ad
1018 4054 1068 4112 ca·
1118 4079 1142 4114 ‚‚
1158 4047 1234 4105 est.
1259 4026 1369 4101 Porto
1385 4019 1480 4098 Scala
1510 4025 1614 4097 Chri-

563 4147 666 4220 „put
694 4133 794 4213 ejus,
826 4129 883 4221 qui
915 4127 1066 4203 nomina·
1115 4176 1139 4210 ‚‚
1158 4145 1228 4202 stus
1242 4142 1316 4205 est,
1330 4121 1388 4215 qui
1403 4123 1514 4196 dixit:
1541 4126 1611 4217 Ego

564 4270 590 4305 n
606 4225 669 4297 tim
689 4226 939 4316 quodammodo
952 4226 1065 4299 dictus
1115 4273 1140 4307 „
1154 4250 1225 4300 sum
1240 4224 1311 4295 ota.
1327 4221 1392 4293 Per
1406 4225 1489 4294 hanc
1504 4246 1612 4295 asten·

563 4368 589 4402 n
604 4340 680 4401 est,
711 4318 811 4392 etiarn
830 4320 991 4395 Christus
1005 4345 1067 4393 un·
1115 4370 1140 4405 „
1154 4324 1300 4405 debant,
1313 4336 1346 4391 et
1363 4321 1610 4395 descendebant

561 4462 586 4501 .‚
603 4436 677 4489 ctus
692 4413 925 4526 significatur.
947 4422 1062 4511 Caput
1111 4468 1136 4504 „
1152 4419 1273 4514 Angeli
1288 4469 1299 4502 ,
1317 4418 1350 4493 in
1369 4418 1491 4511 quibus
1506 4418 1609 4511 signi·
1636 4413 1639 4417 ’

557 4560 583 4595 s,
598 4510 687 4619 enirn
715 4512 781 4583 vrri
808 4516 970 4591 Christus
985 4534 1059 4591 est.
1110 4567 1135 4600 η
1152 4519 1240 4594 ficati
1256 4537 1335 4590 sunt
1358 4514 1580 4607 Evangelistae
1592 4564 1605 4600 ,

557 4658 583 4694 κ
599 4607 689 4696 Quis
701 4607 789 4683 enim
806 4614 912 4690 nescit
925 4664 936 4698 ,
951 4613 1055 4686 Chri·
1105 4666 1128 4699 „
1147 4637 1181 4687 et
1194 4615 1436 4690 Praedicarores
1452 4610 1604 4684 Christi.

558 4753 584 4793 ,‚
602 4724 690 4779 stum
707 4710 747 4780 ab
764 4715 923 4791 unctione
938 4712 1054 4806 appel·
1103 4761 1126 4798 „
1145 4715 1373 4805 Ascendentes
1385 4708 1604 4801 uriqnecurn

557 4854 584 4890 2,
600 4806 683 4880 lari?
696 4808 829 4889 Domus
842 4829 956 4890 autem
973 4809 1052 4893 Dei,
1105 4840 1128 4894 a,
1144 4814 1186 4883 ad
1201 4806 1451 4900 intelligendam
1469 4810 1539 4886 ejus
1551 4829 1602 4877 su·

553 4951 579 4990 n
600 4909 676 5003 qnia
697 4910 744 4987 ibi
771 4936 866 4991 natus
884 4930 934 4986 est
950 4909 1053 4983 Chri·
1101 4958 1128 4997 ‚,
1142 4903 1501 5005 peremintntissinram
1533 4904 1603 4978 Di·
