4284 6125
450 787 1661 1039 Q

803 1316 1230 1384 exam-carro.
1463 1302 1556 1404 777

495 1415 681 1536 quae(1)
710 1433 908 1525 exuperat
934 1440 1090 1497 omnem
1122 1438 1316 1510 seusam,
1348 1411 1463 1497 hoe
1460 1434 1561 1510 esta

497 1564 597 1620 vera
625 1565 733 1647 pax.
766 1533 836 1619 Est
856 1527 969 1613 enim
1000 1557 1101 1614 vera
1119 1558 1241 1641 pax,
1259 1552 1301 1614 et
1331 1520 1561 1644 satrapas

494 1656 564 1740 De
581 1653 676 1740 falsa
693 1681 796 1766 pace
814 1647 1038 1764 dicitut(2
1042 1650 1094 1762 ):
1109 1643 1358 1764 Pompam
1376 1680 1456 1735 troo
1475 1669 1566 1734 emt

491 1802 608 1909 fax
647 1773 712 1857 De
743 1797 841 1853 vera
876 1794 976 1879 pace
1003 1766 1161 1852 dicitur
1184 1766 1301 1883 (3)t
1332 1768 1564 1856 Pactasest

496 1892 537 1976 ia
557 1884 925 2018 pacelocusejus
964 1886 1092 1971 Falsas
1112 1915 1216 1972 vero
1235 1884 1349 2002 pacis
1370 1910 1453 1974 tres
1471 1916 1563 2001 spe·
1684 1896 1687 1902 ’

495 2009 584 2097 'cies
600 2036 732 2103 sunt:
766 2029 829 2093 est
848 2004 962 2089 enim
982 2035 1059 2118 pax
1079 2005 1318 2140 aestimata,
1345 2036 1424 2120 pax
1441 2006 1568 2093 simu·

492 2129 612 2226 iata,
644 2160 722 2241 pax
744 2126 973 2236 imperata.
1006 2125 1121 2208 Dum
1148 2124 1262 2210 euim
1279 2122 1393 2211 iuter
1411 2127 1567 2216 secula·

500 2276 567 2333 res
589 2277 732 2359 pacem
750 2241 1007 2356 quaerimus,
1041 2246 1138 2328 dum
1153 2243 1370 2331 discordes
1397 2248 1446 2330 ad
1465 2252 1565 2334 corti

496 2366 685 2453 cordiam
736 2391 1020 2462 revocamus,
1067 2362 1277 2449 aestimant
1321 2353 1569 2500 saeuiant.

502 2488 616 2598 quod
640 2515 802 2620 pacem
818 2482 926 2568 inter
947 2510 1022 2568 nos
1043 2481 1297 2584 habeamus;
1328 2487 1428 2569 dum
1452 2484 1567 2572 euim

491 2601 826 2691 investimentis
858 2599 1005 2686 ovium
1030 2598 1134 2687 foris
1153 2602 1347 2702 eximus,
1376 2600 1465 2691 ἃ
1453 2626 1568 2692 totus
1667 2620 1669 2624 '

491 2753 617 2836 ¹quast
607 2724 725 2838 iupi
746 2740 913 2834 'rapaces
936 2746 1103 2834 gregem
1123 2717 1377 2852 simplicium
1392 2721 1568 2810 fratrum
1698 2740 1701 2746 ’

498 2843 718 2930 lacerando
750 2837 1067 2953 dispergimus,
1110 2866 1254 2951 paoem
1295 2840 1568 2944 timuimus,

499 2964 572 3047 sed
609 2992 693 3044 non
731 2963 957 3044 habemus:
989 2957 1086 3041 dum
1108 2962 1391 3075 vetoptaaiuti
1417 2966 1568 3078 pacem

500 3077 726 3187 subjectis
716 3100 958 3192 imperant,
988 3100 1036 3160 et
1057 3106 1130 3163 eos
1149 3079 1387 3194 disciplinae
1404 3083 1441 3168 le
1443 3082 1566 3199 gibus

499 3228 583 3283 non
604 3221 792 3294 arctant
826 3195 1090 3285 solummodo
1115 3115 1469 3308 pacemdocent}
1492 3201 1567 3288 sed

500 3345 587 3400 non
617 3341 792 3402 tenent.
827 3317 956 3401 Verae
988 3312 1195 3425 siquidem
1231 3316 1346 3431 pacis
1372 3340 1457 3403 tres
1474 3347 1568 3432 spe

499 3434 585 3521 cies
606 3465 694 3522 esse
715 3433 1015 3547 perhibentur.
1048 3433 1119 3519 Est
1140 3433 1252 3521 enim
1280 3463 1359 3549 pas
1375 3440 1568 3550 probata,

499 3583 579 3666 pax
610 3579 753 3651 certa,
786 3582 864 3666 pax
890 3552 1174 3638 confirmata
1208 3556 1290 3639 Pax
1326 3556 1439 3643 enim
1479 3556 1565 3644 Dei

500 3673 742 3759 hominibus
761 3702 782 3757 a
802 3672 897 3757 Deo
919 3672 1070 3767 datur,
1104 3671 1195 3757 data
1214 3672 1450 3786 probatur,
1470 3705 1568 3790 pto·

499 3792 592 3875 bata
623 3795 946 3889 confirmatur,
992 3789 1235 3878 confirmata
1273 3792 1561 3883 certificatur.

496 3912 704 3998 Probatur
731 3910 997 4006 tentatione,
1030 3913 1314 3999 confirmatur
1331 3912 1569 4003 tributario·

497 4057 550 4114 ne
572 4089 587 4128 ‚
619 4030 872 4118 certificatur
889 4024 1207 4117 cohabitatione
1227 4093 1258 4116 ..
1302 4097 1309 4109 .

614 4152 784 4236 Deinde
800 4147 982 4261 -ponitur
1010 4148 1182 4236 Missae
1213 4147 1261 4235 in
1288 4150 1447 4238 dextro
1470 4181 1568 4238 cot·

497 4298 554 4350 nu
574 4270 742 4369 aitaris,
768 4269 864 4381 quia
894 4265 936 4350 in
966 4266 1046 4354 fine
1072 4269 1201 4356 secuii
1236 4268 1314 4381 ipsi
1332 4271 1465 4383 ludaei
1493 4271 1570 4357 sal·

497 4390 709 4475 vabuntur
738 4422 751 4489 ;
784 4389 894 4471 unde
922 4384 1020 4469 iilud
1037 4385 1141 4503 (4):
1172 4389 1220 4473 Si
1231 4388 1571 4499 fueritnumertts

495 4500 672 4596 tiliorum
693 4507 820 4594 israel
836 4507 944 4593 aetra
958 4532 1082 4592 trena
1101 4508 1227 4595 aruris
1240 4565 1262 4605 .,
1274 4509 1474 4629 sreiiquiae
1485 4513 1570 4598 taio·

521 4684 744 4775 (rtlthitipp
765 4709 817 4756 tv.
807 4707 869 4783 ..7
1080 4686 1238 4778 (3)Psal.
1227 4709 1403 4781 ...txxv3

504 4781 822 4871 (stleremsrrl.
840 4803 888 4852 tt.
903 4784 1001 4865 Μ.
1073 4784 1255 4883 (pilon.
1266 4807 1328 4859 ox·
1344 4806 1404 4879 27.

492 4891 952 5023 pancummmtpat
