4284 6125
623 1336 705 1426 192
854 1333 1121 1396 muratorium
1152 1331 1435 1396 osrtcrottunr

619 1456 774 1517 nomen
793 1448 858 1514 est
875 1428 1122 1545 dignitatis,
1153 1447 1236 1516 u'ou
1259 1431 1396 1514 aetatis
1418 1493 1428 1514 .
1466 1427 1685 1520 Sacerdos·

617 1579 772 1637 nomen
792 1551 912 1634 habet
932 1547 1205 1662 compositum
1230 1577 1285 1633 ex
1307 1578 1481 1663 graeco,
1512 1545 1556 1634 dt
1584 1551 1673 1636 lati·

620 1695 710 1767 no,
742 1666 838 1780 quia
869 1695 931 1752 est
954 1669 1124 1754 Sacrum
1157 1673 1259 1752 dans
1278 1727 1292 1765 ,
1313 1666 1395 1751 five
1413 1668 1536 1755 Socer
1552 1673 1675 1754 dux.

621 1788 740 1872 Sicut
758 1786 870 1870 euim
885 1789 976 1871 Rex
1002 1815 1025 1868 a
1049 1791 1252 1904 regendo,
1269 1788 1326 1871 ita
1344 1784 1550 1873 Sacerdos
1569 1817 1592 1872 a
1608 1819 1679 1874 su·

619 1904 839 2019 crificondo
874 1904 1010 1990 dictus
1043 1928 1138 1990 est:
1186 1903 1422 1991 Consecrat
1456 1907 1601 2005 enim,
1631 1904 1680 1993 dt

621 2024 873 2111 sanctificat.
908 2024 1090 2109 Antistes
1116 2022 1319 2109 Sacerdos
1342 2025 1479 2110 dictus
1505 2023 1560 2109 est
1583 2084 1598 2124 ,
1624 2028 1677 2111 ab

620 2146 806 2254 eoquod
825 2166 921 2227 ante
942 2144 1013 2224 llat
1032 2171 1045 2243 ;
1078 2141 1235 2254 primus
1254 2142 1307 2226 est
1327 2142 1441 2226 enim
1460 2142 1504 2227 in
1523 2143 1677 2231 ordine

621 2261 851 2349 Ecclesiae.
885 2261 967 2364 Ad
988 2263 1284 2370 Presbyterum
1318 2284 1455 2345 autern
1490 2262 1679 2374 pertinet

622 2378 934 2468 Sacramentum
955 2377 1192 2490 Corporis,
1218 2377 1259 2464 dt
1283 2376 1507 2495 Sanguinis
1526 2379 1680 2466 Domi·

483 2568 489 2575 .
623 2497 668 2583 ni
696 2496 741 2615 in
757 2498 899 2583 Altare
919 2495 1002 2581 Dei
1023 2499 1234 2584 conficere
1253 2559 1266 2597 ,
1284 2502 1497 2585 orationes
1520 2499 1677 2596 dicere,

623 2645 666 2704 ct
682 2618 792 2701 dona
807 2616 891 2700 Dei
912 2614 1176 2704 benedicere.
1193 2616 1281 2731 Qui
1299 2648 1393 2704 curu
1412 2617 1680 2717 ordinantur,

624 2760 836 2851 unguntur
853 2732 913 2820 eis
932 2763 1090 2834 manus,
1108 2761 1151 2820 ut
1168 2734 1457 2859 intelliganuse
1474 2735 1676 2848 accepisse

626 2853 798 2972 gratiam
815 2851 1081 2940 consecrandi
1103 2885 1116 2956 ;
1148 2852 1191 2940 dt
1214 2849 1434 2942 charitatis.
1457 2882 1583 2968 opera
1607 2854 1679 2937 de·

625 2975 726 3059 bere
756 2974 805 3060 ad
834 2999 979 3070 omnes
1013 2973 1279 3059 extendere.
1315 2974 1529 3089 Quicquid
1563 2969 1677 3056 enim

624 3122 701 3206 per
721 3121 862 3179 manus
880 3090 1118 3179 Sacerdotis
1144 3093 1280 3208 agitur
1296 3094 1479 3180 exterius
1500 3154 1513 3192 ,
1540 3114 1679 3182 totum

626 3210 811 3326 Spiritus
842 3209 1020 3298 Sanctus
1053 3240 1251 3324 operatur
1271 3210 1475 3300 interius.
1506 3208 1680 3323 Accipit

625 3329 670 3419 dt
692 3330 828 3418 stolam
849 3391 862 3429 ,
881 3362 977 3445 quae
1010 3351 1129 3416 tenet
1161 3352 1388 3442 utrumque
1418 3332 1553 3428 latus,
1585 3328 1681 3440 quia

624 3452 754 3546 debet
772 3452 850 3534 elle
870 3448 1052 3537 munitus
1083 3450 1206 3535 armis
1225 3447 1400 3560 justitiae
1417 3479 1565 3537 contra
1583 3475 1682 3559 pro·

627 3558 761 3771 spera,
778 3564 822 3653 dt
840 3568 1032 3653 adversa.
1053 3568 1227 3680 Accipit
1246 3566 1432 3667 Calicem
1451 3598 1546 3656 curu
1563 3567 1684 3663 vino,

690 3687 883 3769 Patenam
912 3713 1005 3770 cum
1027 3683 1201 3784 holliis,
1234 3709 1281 3772 ut
1310 3716 1384 3800 per
1408 3688 1487 3773 lroc
1519 3682 1629 3789 sciat,
1643 3683 1683 3767 se

628 3800 828 3917 accepille
863 3802 1109 3917 potestatem
1147 3804 1365 3917 placabiles
1398 3806 1496 3891 Deo
1536 3799 1685 3889 hostias

630 3920 865 4007 offerendi.
901 3919 980 4007 Hic
1008 3919 1130 4010 Ordo
1163 3954 1185 4008 a
1214 3923 1307 4009 filiis
1337 3926 1481 4010 Aaron
1513 3918 1684 4007 initium

629 4036 823 4151 sumpstt3
855 4067 1036 4127 summos
1071 4039 1183 4127 enim
1210 4041 1468 4141 Pontifices,
1490 4038 1530 4128 dt
1550 4036 1686 4123 mino·

615 4181 696 4249 ‘ces
716 4157 963 4257 Sacerdotes
981 4156 1155 4252 iullituit
1168 4158 1380 4259 Dominus
1400 4189 1475 4281 per
1490 4158 1688 4287 Moysen,

1616 4299 1688 4387 qur

632 4497 723 4581 bist„
740 4498 774 4570 Si
789 4500 864 4593 quis
876 4501 1024 4585 dixerit,
1040 4500 1135 4597 Epis·
1183 4552 1208 4588 „
1221 4526 1306 4587 eam,
1325 4527 1424 4599 quam
1447 4503 1599 4583 labeum
1626 4496 1693 4568 illis

632 4618 658 4678 „
677 4618 780 4687 copus
811 4623 877 4671 non
897 4625 967 4673 esse
983 4600 1130 4696 Presby-
1177 4650 1202 4686 „
1219 4599 1695 4696 essecumPresbyteriscom·

630 4737 657 4774 „
672 4691 753 4763 teris
765 4697 974 4788 superiores,
990 4698 1045 4770 vel
1061 4721 1128 4769 non
1177 4723 1356 4784 „munem
1379 4750 1416 4774 ..
1435 4752 1445 4773 .
1465 4750 1476 4778 ,
1511 4697 1688 4799 anathem

632 4790 795 4871 „habere
823 4810 1022 4885 potestatem
1050 4818 1133 4865 con·
1181 4845 1205 4882 „
1219 4794 1292 4869 sit.
1312 4845 1337 4881 ,‚
1424 4838 1426 4843 ·

632 4884 1130 4976 ,firmandietordiuandivel
