4284 6125
576 1361 668 1454 250
823 1360 1404 1425 1>1vmorturtorrtc1ottuut

574 1492 628 1549 cx
655 1452 842 1576 patribus
868 1453 1127 1568 quaternarii
1146 1457 1376 1574 aggregatis
1395 1515 1409 1556 ,
1426 1452 1577 1573 Legis,
1608 1458 1669 1547 &-

574 1561 908 1694 Evangeliorutu
941 1575 1188 1686 mysterium
1220 1575 1460 1664 continet
1503 1577 1663 1668 Currit

575 1720 714 1786 autern
752 1724 950 1781 numerus
978 1696 1057 1782 iste
1081 1725 1103 1781 a
1128 1693 1359 1784 Dominica
1386 1692 1521 1812 prima
1541 1699 1663 1814 Qua·

576 1813 978 1952 dragesimaeusque
1014 1811 1059 1901 in
1081 1814 1437 1904 coenaDomini:
1470 1836 1517 1902 ut
1547 1819 1664 1908 sicut

573 1932 622 2024 in
654 1967 779 2024 coena
816 1935 886 2021 illa
941 1932 1067 2020 linito
1110 1932 1248 2022 veteri
1288 1933 1442 2021 Pascha
1487 1934 1665 2027 inchoa·

579 2078 670 2143 tum
689 2080 752 2143 est
776 2059 935 2143 novum
955 2113 970 2152 ,
1003 2052 1162 2144 Sancto
1183 2052 1350 2142 Christi
1367 2054 1565 2168 Corpore
1584 2056 1665 2144 Di·

575 2173 753 2289 stipulis
769 2176 899 2276 dat03
935 2172 994 2259 ita
1012 2199 1056 2259 et
1081 2201 1157 2261 nos
1190 2175 1307 2260 finita
1340 2170 1458 2260 omni
1476 2198 1667 2265 vetusta·

578 2319 620 2381 te
641 2293 761 2403 hujus
785 2241 1010 2380 laboiiosae
1028 2290 1159 2392 ritae,
1191 2322 1417 2430 speremus
1437 2322 1517 2380 nos
1551 2318 1664 2381 tran·

575 2411 733 2500 siturus
760 2417 810 2499 ad
840 2409 1078 2498 novitatem
1112 2411 1473 2513 immortalitatis,
1504 2412 1663 2528 inqua

578 2530 782 2619 Christus
806 2530 1114 2645 semetipsum,
1145 2559 1240 2619 cum
1258 2535 1404 2632 Patre,
1434 2554 1478 2617 et
1495 2531 1665 2649 Spiritu

578 2648 736 2740 Sancto
771 2651 896 2737 nobis
931 2647 1113 2762 feliciter
1140 2648 1495 2737 demonstrabit:
1544 2657 1663 2765 quod

578 2769 661 2855 erit
692 2768 843 2869 cibus,
875 2769 918 2856 ar
952 2791 1041 2857 vrta
1057 2767 1339 2858 Sanctorum
1375 2771 1469 2855 Hoc
1495 2799 1664 2871 autem,

577 2888 692 3000 quod
715 2919 744 2975 a
776 2889 958 2975 termino
976 2888 1321 3006 Quadragesimae
1342 2910 1563 3002 supersunt
1588 2893 1664 2974 ad-

579 3007 662 3097 huc
682 3009 767 3095 duo
789 3009 877 3096 dies
897 3011 945 3095 ad
965 3007 1257 3121 Baptismum,
1288 3036 1364 3124 per
1400 3009 1512 3123 quod
1547 3036 1665 3099 nova

571 3125 751 3216 infantia
807 3129 935 3217 intrat
974 3127 1205 3216 Ecclesiam
1242 3188 1256 3228 ,
1305 3128 1480 3215 Christo
1514 3130 1664 3265 duce,

574 3248 784 3338 convenit
813 3249 892 3335 illis
922 3246 1196 3365 quadraginta
1231 3250 1395 3334 duobus
1431 3246 1665 3336 mansioni·

569 3370 692 3471 bus,
699 3369 878 3506 quibus
914 3369 989 3456 filii
1020 3370 1144 3455 lsrael
1177 3369 1467 3456 veneruntad
1505 3390 1665 3457 terram

569 3488 904 3601 promissionis;
939 3519 1107 3601 quam,
1141 3491 1239 3599 Jesu
1276 3490 1418 3587 duce,
1450 3487 1662 3577 intrantes

569 3610 884 3721 possederunt:
918 3632 967 3692 ut
998 3626 1042 3691 et
1062 3634 1139 3689 nos
1172 3609 1320 3695 eodem
1356 3636 1533 3694 numero
1552 3630 1662 3696 sata

571 3754 712 3841 gamus
742 3723 1013 3841 pergratiam
1046 3723 1280 3860 Baptismi,
1310 3723 1490 3814 Christo
1517 3727 1662 3826 duce,

570 3845 732 3937 intrare
760 3842 805 3930 in
838 3842 1055 3961 regionem
1072 3843 1311 3945 vivorum,
1342 3845 1416 3933 ubi
1436 3846 1662 3933 hoeredita-

572 3986 659 4051 tem
694 3964 950 4087 capiamus,
984 3962 1114 4079 ipsam
1148 3966 1467 4053 desiderabilem
1502 3988 1662 4052 terram

573 4084 851 4186 viventium,
883 4076 936 4172 de
958 4114 1039 4198 qua
1061 4084 1526 4225 Psalmistadicit(1·):
1562 4085 1664 4175 Cre·

572 4210 626 4296 do
655 4208 789 4296 videre
807 4206 913 4295 bono
934 4205 1142 4295 Domini
1125 4239 1167 4295 ιιι
1184 4229 1292 4299 terra
1315 4206 1564 4298 viventium

582 4520 587 4532 .
620 4470 675 4565 (r)
688 4465 780 4540 Psal.
797 4492 896 4542 τινι.
913 4489 971 4562 13.
