4284 6125
1028 792 1032 803 ι

475 787 1705 1033 μ

881 1092 886 1101 ι

606 1370 685 1426 112
751 1420 754 1431 ,
835 1355 1109 1421 DIVINORUM
1140 1357 1426 1423 umerorum

983 1512 1125 1599 LXX
1142 1514 1182 1598 X
1197 1516 1214 1598 Ι
1231 1516 1250 1597 I
1270 1578 1281 1597 .

706 1657 829 1739 ouon
859 1658 911 1718 ru
942 1612 1161 1721 massano.
1192 1660 1340 1723 ursan
1380 1608 1559 1722 sturnus

995 1778 1274 1841 snurrzrsrua

715 1930 818 2016 Illud
840 1928 966 2017 etiarn
984 1928 1265 2049 ignorandum
1298 1960 1386 2019 non
1416 1958 1514 2034 est,
1547 1934 1660 2049 quod

600 2050 645 2138 in
679 2074 870 2136 materno
903 2076 1027 2139 utero
1063 2055 1199 2139 nullus
1237 2052 1441 2167 baptizari
1470 2068 1661 2167 potest,

599 2169 759 2258 etiamsi
782 2195 911 2255 mater
929 2168 1201 2286 baptizetur.
1239 2172 1364 2258 Unde
1392 2171 1578 2258 Isidorus
1612 2167 1659 2257 in

597 2291 709 2377 libro
733 2290 797 2407 (1)
814 2288 1165 2377 Sententiarum:
1197 2351 1228 2391 ,‚
1251 2290 1340 2405 Qui
1383 2289 1429 2377 in
1456 2288 1657 2377 maternis

596 2469 629 2511 ,‚
659 2408 791 2496 uteris
812 2434 940 2508 sunt,
975 2407 1073 2496 ideo
1091 2408 1298 2523 baptizari
1330 2440 1415 2497 non
1446 2434 1659 2526 possunt,

595 2527 756 2643 „quia
792 2530 864 2639 qui
915 2550 1036 2617 natus
1089 2532 1224 2617 adhuc
1257 2532 1488 2617 secundum
1520 2533 1657 2616 Adam

594 2708 626 2748 „
656 2670 856 2749 nonest,
888 2650 1120 2738 secuudum
1154 2647 1376 2737 Christum
1407 2678 1494 2735 non
1513 2670 1660 2763 potest
1694 2682 1698 2689 ·

940 2796 945 2805 ¹
1541 2825 1572 2866 rr
1592 2792 1659 2850 fe·

593 3013 620 3052 a,
632 2973 713 3070 qula
731 2973 890 3065 ignorans
901 2973 970 3058 feci
985 2977 1020 3045 ln
1048 2976 1103 3045 ln·
1152 2976 1322 3058 „.rrissem‚
1338 2988 1370 3043 el
1382 2972 1510 3044 locutus
1519 2969 1658 3058 fuissem

593 3112 618 3152 2,
635 3071 857 3142 credulitate.
890 3073 1010 3145 Petrus
1039 3098 1103 3146 ve·
1151 3125 1175 3159 „
1191 3077 1236 3145 eis
1251 3124 1261 3157 ‚
1275 3089 1448 3170 peccatum
1466 3094 1530 3142 non
1560 3069 1660 3141 lrabe-

594 3209 618 3250 2,
636 3192 674 3240 ro
691 3169 886 3244 infirmitate
915 3171 1096 3263 peccavit,
1146 3222 1172 3258 ‚,
1185 3188 1276 3245 rent:
1291 3196 1377 3244 nunc
1393 3188 1503 3242 aurem
1522 3193 1660 3239 excusa·

591 3311 616 3347 2,
632 3269 765 3362 quando
779 3268 812 3338 in
826 3291 868 3341 eo
881 3293 981 3343 omne
992 3274 1098 3344 robur
1146 3322 1171 3358 ,‚
1186 3273 1307 3345 tionem
1324 3296 1388 3345 non
1400 3268 1520 3342 lrabeat
1534 3271 1573 3339 de
1583 3283 1658 3365 per·

590 3408 616 3448 s,
632 3366 734 3447 fidei,
749 3368 841 3460 quod
857 3367 1028 3443 Dominus
1044 3395 1098 3463 pe·
1146 3423 1172 3459 „
1187 3387 1261 3444 calo
1277 3396 1360 3444 suo:
1378 3371 1420 3442 Et
1434 3368 1541 3465 paulo
1555 3384 1655 3458 post:

591 3508 617 3545 2,
635 3464 765 3536 rhibuit
782 3514 793 3548 ,
812 3490 878 3537 una
903 3494 972 3541 vox
997 3469 1099 3561 puel·
1147 3521 1171 3557 „
1192 3482 1234 3542 Et
1249 3473 1433 3551 viderunt,
1464 3482 1497 3538 et
1516 3467 1659 3535 oderunt

593 3604 619 3642 s,
633 3561 671 3631 1ae
694 3563 888 3646 concussit,
903 3585 938 3637 et
954 3566 1097 3645 Deum,
1148 3618 1174 3653 „
1189 3592 1265 3649 me,
1283 3583 1315 3638 er
1329 3578 1465 3636 Patrem
1483 3583 1591 3634 meum
1608 3604 1658 3638 ‚‚.

593 3703 618 3740 „
635 3683 734 3752 quem
748 3663 852 3733 corde
866 3663 998 3742 tenuit,
1011 3683 1099 3732 voce
1175 3671 1227 3754 (1)
1246 3663 1495 3731 Sententiarum
1511 3653 1602 3723 libi·
1614 3655 1661 3722 de

593 3805 618 3841 ,‚
634 3758 837 3855 denegavit.
855 3757 921 3830 Sed
949 3755 1030 3851 quia
1047 3755 1098 3827 in·
1145 3759 1339 3854 Baptismo,
1368 3770 1402 3822 er
1422 3751 1657 3821 communione

593 3904 619 3938 n
634 3858 801 3931 firmitatis
814 3852 984 3948 culpa‚vel
1000 3852 1097 3949 igno·
1141 3875 1314 3948 capmxrr.
1343 3853 1509 3942 pag.632.
1525 3896 1548 3929 ,‚
1583 3846 1657 3943 Qri

593 3998 621 4035 n
638 3957 751 4026 rantiae
777 3978 819 4026 eo
833 3951 966 4024 facilius
993 3949 1102 4043 tergi·
1150 3999 1176 4034 „
1196 3951 1228 4021 in
1246 3946 1404 4019 maternis
1429 3945 1534 4018 uteris
1550 3963 1656 4027 sunt,

594 4096 621 4132 „
637 4068 716 4130 tur,
731 4075 799 4141 quo
813 4073 878 4122 non
893 4049 1010 4119 studio
1024 4068 1102 4141 per·
1150 4059 1175 4132 ,'‚
1188 4049 1268 4120 ideo
1281 4069 1360 4122 eum
1380 4065 1487 4118 matre
1504 4042 1656 4135 baptiza-

594 4193 621 4228 „
637 4164 814 4238 petratur‚
846 4143 996 4228 Paulus,
1024 4166 1102 4239 quae
1149 4196 1174 4230 „
1190 4147 1219 4219 ri
1234 4169 1301 4217 non
1318 4162 1482 4238 possunt,
1500 4141 1580 4235 quia
1594 4140 1654 4234 qui

594 4290 620 4325 ,‚
636 4242 828 4337 ignoravit,
857 4242 993 4311 sciendo
1020 4263 1101 4313 cor·
1150 4262 1285 4329 „natus
1320 4246 1429 4315 adhuc
1469 4242 1655 4313 secundum

593 4388 620 4424 n
639 4339 726 4413 rexit
740 4366 748 4406 ι
764 4356 799 4409 et
811 4338 934 4407 Petrus
956 4359 1096 4422 motam,
1146 4344 1298 4427 „Adam
1327 4365 1393 4412 non
1420 4357 1494 4423 est,
1525 4338 1655 4409 renasci

593 4458 669 4519 „et
687 4437 782 4530 quasi
809 4453 1015 4509 arescentem
1029 4442 1097 4521 jam
1146 4491 1171 4525 „
1185 4441 1370 4514 secundum
1387 4439 1566 4510 Christum
1587 4459 1656 4507 non

592 4536 782 4616 „radicem
819 4535 899 4607 fidei
937 4535 1098 4632 lacrymis
1149 4534 1656 4634 ‚,p0test.Nequeenimdici

589 4678 615 4712 ‚‚
631 4635 772 4729 rigando
787 4633 969 4706 solidavit.
986 4637 1034 4706 Ex
1051 4633 1101 4704 in·
1151 4687 1174 4720 ‚‚
1194 4635 1405 4730 regeneratio
1433 4636 1466 4706 in
1492 4658 1534 4705 eo
1553 4648 1657 4725 pote·

590 4734 759 4812 „dustria
774 4750 1100 4827 veropeceaverunt
1147 4784 1172 4819 „
1191 4737 1259 4817 rit,
1276 4759 1376 4829 quem
1398 4731 1575 4829 generatio
1587 4754 1657 4804 non

589 4878 615 4912 ‚‚
632 4831 655 4902 ii
674 4883 684 4916 ‚
705 4834 884 4928 dequibus
904 4833 975 4923 ipse
991 4830 1100 4923 Magi·
1148 4883 1172 4919 ‚‚
1187 4833 1357 4930 precessit
1370 4882 1420 4918 ‚,.

587 4977 614 5013 ‚s
628 4951 698 5006 ster
710 4935 843 5009 dicebat
860 4963 869 5006 ε
903 4932 939 5002 ss·
952 4952 1015 5002 non
1030 4951 1093 5002 ve-
