4284 6125
508 787 1694 1045 u

560 1322 708 1555 {iifl}
728 1421 971 1541 juditium,
1013 1411 1300 1529 sollempnitas
1335 1475 1350 1518 ,
1394 1417 1635 1535 dapnatur,
1679 1433 1682 1440 ’

557 1576 776 1666 vixeribus
810 1622 825 1664 ‚
857 1559 1193 1652 contrictionem
1226 1617 1240 1660 ‚
1272 1561 1519 1672 quoheres,
1551 1587 1630 1676 pro

557 1710 783 1809 consilium
810 1766 824 1808 ,
855 1705 1183 1795 calceamentum
1219 1762 1233 1803 ,
1265 1703 1494 1806 columna,
1525 1702 1635 1816 judi·

555 1849 703 1953 cium,
735 1846 975 1953 solemnitas
1012 1906 1027 1948 ,
1058 1850 1276 1939 damnatur
1313 1907 1327 1949 ‚
1360 1848 1633 1955 visceribus,

555 1995 878 2096 contritionem,
896 1994 1104 2091 cohaeres,
1119 2015 1167 2085 ut
1182 1992 1288 2083 alias
1306 1993 1487 2087 omittam
1503 2056 1517 2096 ‚
1533 1999 1635 2085 scri·

553 2139 672 2232 tendi
700 2137 803 2233 ratio
834 2140 1045 2232 declarat.
1081 2136 1242 2229 Etenim
1271 2168 1322 2223 ne
1341 2138 1523 2227 codicem
1546 2142 1633 2232 Au·

550 2290 796 2406 tograplmm
812 2311 1025 2379 censeam,
1048 2278 1156 2397 facit
1188 2281 1332 2405 ingens
1359 2290 1631 2389 mendarum,

551 2404 698 2555 quibus
728 2444 891 2529 scatet,
923 2423 1036 2539 copia
1061 2455 1074 2527 ;
1104 2458 1196 2543 quae
1212 2427 1396 2549 profecto
1424 2435 1568 2518 menda
1585 2434 1627 2521 in

551 2571 693 2691 Operis
722 2570 978 2667 Auctorem,
1008 2569 1143 2657 virum
1176 2602 1315 2695 nempe
1341 2571 1412 2664 diu
1433 2577 1626 2666 multum.

548 2715 686 2838 quein
718 2734 891 2802 ueterum
911 2716 1079 2805 Petrum
1106 2717 1274 2804 lectione
1291 2739 1529 2822 versatum,
1560 2740 1626 2809 at·

547 2886 627 2977 que
643 2860 743 2941 adeo
772 2860 934 2947 doctum
962 2916 975 2956 ,
1011 2860 1186 2975 conferri
1203 2866 1293 2951 sine
1308 2867 1492 2955 maximo
1512 2867 1623 2981 inju-

544 3004 612 3096 ria
635 3030 714 3085 non
725 3020 932 3124 possunt:
972 3031 1091 3120 quem
1121 3005 1279 3123 quidem
1311 3030 1358 3095 ut
1372 3010 1516 3099 Secuto
1538 3014 1619 3104 xil.

536 3165 731 3269 provecto
753 3145 905 3240 vixisse
930 3208 944 3249 ,
976 3172 1102 3267 atque
1124 3155 1201 3242 boc
1222 3151 1333 3268 Opus
1364 3156 1622 3255 elucubrasse

532 3315 677 3412 putem
699 3353 713 3393 ‚
738 3323 786 3381 eo
806 3293 1065 3416 potissimum
1101 3302 1316 3397 adducor,
1346 3305 1458 3415 quod
1488 3299 1620 3414 iprsum

541 3463 600 3524 cx
617 3436 769 3524 nullius
785 3438 977 3532 Auctoris
1000 3501 1013 3541 ,
1046 3442 1119 3556 qui
1126 3464 1223 3557 post
1239 3444 1524 3539 Alexandrum
1543 3441 1617 3530 ΙΙΙ.

541 3581 737 3671 claruerit
763 3641 777 3681 ‚
809 3584 966 3696 scriptis
991 3582 1210 3696 profecisse
1232 3586 1586 3676 animadvertam.

659 3726 752 3832 ,lam
769 3732 825 3821 nd
841 3726 952 3840 Opus
975 3723 1106 3846 ipsum
1130 3726 1242 3836 quod
1256 3723 1431 3822 attinet,
1464 3745 1618 3810 tercen-

540 3865 596 3959 tis
630 3872 811 3963 undecim
837 3865 1079 3959 sectionibus
1102 3861 1364 3981 absolvitur(
1391 3892 1484 3947 nam
1505 3869 1618 3979 quod

541 4008 585 4103 in
607 4011 792 4103 Editione
815 4007 1397 4124 cccx1i,rzumeruspraefixus
1424 4030 1617 4102 extremae

543 4152 851 4262 tectionifuerit
868 4214 881 4251 ,
897 4183 951 4238 ex
965 4183 1011 4238 eo
1028 4150 1253 4275 profectum
1274 4176 1335 4241 est
1355 4214 1369 4251 ‚
1399 4159 1511 4271 quod
1521 4215 1535 4255 ,
1550 4172 1615 4268 tp·

535 4329 687 4422 porum
710 4295 1052 4402 memlo,sectioni
1071 4301 1257 4389 cxcuul.
1283 4329 1449 4384 numero
1459 4324 1610 4388 exem.

534 4441 735 4569 praemiffo
763 4504 777 4545 ,
827 4465 1003 4539 erratum
1030 4445 1211 4561 deinceps
1252 4442 1304 4529 sit
1332 4441 1372 4526 in
1408 4440 1633 4527 numerica-

545 4591 871 4707 coasequentium
890 4589 1065 4686 omnium
1087 4590 1305 4676 sectionum
1333 4583 1613 4699 inscriptione)

544 4734 750 4862 inquibus
771 4736 909 4840 ritus,
951 4736 1076 4863 quiin
1104 4728 1613 4858 Ternpliscons·ccramli52
