4284 6125
858 1379 1299 1447 exstruit-rto:
1413 1355 1416 1362 ’
1537 1385 1591 1479 53

548 1477 715 1566 Sanctae
731 1474 930 1565 Ecclesiae
957 1479 1181 1591 splendore
1195 1478 1360 1566 Sandtae
1376 1479 1600 1569 Trinitatis

542 1597 837 1696 illuminatur,
869 1599 1080 1711 baptizata
1099 1596 1143 1682 in
1163 1599 1337 1683 nomine
1355 1601 1488 1686 Patris
1509 1662 1521 1698 ,
1552 1601 1597 1688 ἃ

542 1716 672 1816 Filii,
703 1713 948 1831 &Spiritus
969 1715 1144 1802 Sancti.
1168 1720 1244 1804 Per
1267 1715 1509 1818 Occasunt,
1526 1751 1604 1806 no·

540 1834 758 1926 vissimum
792 1836 936 1920 mundi
968 1835 1196 1949 accipimus
1227 1861 1426 1936 aetatem,
1457 1837 1606 1952 inqua

543 1985 620 2069 per
638 1954 768 2040 Ellam
786 2015 799 2051 ‚
817 1952 860 2040 St
879 1956 1056 2042 Henoclr
1076 2014 1090 2054 ,
1122 1981 1372 2067 ceterosque
1398 1959 1603 2046 Praedica-

542 2097 658 2160 tores
680 2075 825 2160 eadem
844 2074 944 2160 fides
963 2074 1130 2160 Sanctae
1146 2073 1373 2161 Trinitatis
1407 2106 1483 2191 per
1505 2107 1605 2188 qua·

541 2192 811 2307 driparritum
831 2198 978 2279 orbern
999 2193 1291 2291 diffundetur,
1316 2196 1513 2304 Judaeos,
1543 2220 1604 2281 at·

542 2342 626 2426 que
656 2312 849 2400 Gentiles
878 2312 1037 2426 pariter
1066 2315 1384 2425 complectens.
1427 2314 1604 2402 Duode-

542 2431 685 2517 narius
703 2429 816 2515 enim
832 2463 1030 2527 numerus
1049 2437 1285 2532 Portarum,
1300 2463 1396 2545 quae
1416 2463 1491 2546 per
1505 2464 1603 2544 qua·

542 2574 641 2637 tuor
664 2551 804 2634 mundi
826 2573 965 2665 partes
987 2555 1064 2639 sub
1103 2551 1289 2637 ternario
1323 2553 1603 2666 comprehen-

541 2670 1471 2782 duntur,admysteriumpertinetduodecim
1484 2672 1604 2785 Apo·

541 2789 746 2874 stolorum
768 2848 782 2886 ,
803 2818 877 2903 per
914 2820 1019 2899 quos
1039 2792 1162 2877 Fides
1188 2791 1354 2880 Sanctae
1373 2790 1605 2879 Trinitatis
1733 2803 1736 2807 ’

541 2937 617 3025 per
641 2908 994 3022 quadripartitum
1013 2913 1161 2997 orbern
1189 2909 1338 2999 diffusa
1357 2934 1421 2996 est
1440 2975 1450 2995 .

658 3033 704 3115 ln
741 3029 814 3115 hac
843 3028 967 3117 etiam
995 3029 1170 3117 civitate
1199 3033 1402 3146 ternplum
1420 3026 1633 3114 Domini

538 3145 776 3234 dedicatum
794 3170 889 3233 est.
925 3152 992 3237 De
1021 3152 1099 3236 ltoc
1131 3154 1293 3263 templo
1321 3149 1477 3231 dicitur
1496 3147 1601 3262 (1):

542 3268 750 3379 Templum
763 3268 843 3348 Det'
853 3290 1040 3352 sunctum
1061 3290 1147 3362 est,
1166 3272 1277 3379 quod
1295 3266 1390 3351 estis
1408 3293 1480 3347 nos
1501 3330 1512 3349 .
1536 3268 1603 3347 De

540 3382 621 3468 hoc
642 3382 802 3493 templo
823 3379 926 3465 dicit
958 3383 1194 3493 Apostolus
1213 3384 1288 3497 (a)
1322 3385 1369 3466 Si
1388 3381 1477 3496 puis
1502 3403 1604 3468 tenr-

527 3500 649 3617 plum
669 3499 745 3584 Dei
763 3497 998 3596 violaverit,
1014 3497 1218 3615 disperdet
1231 3501 1345 3586 illum
1365 3502 1602 3586 Dominus.

538 3617 764 3731 Templum
784 3614 945 3733 quippe
966 3615 1057 3703 Dei·
1081 3617 1244 3704 violant
1264 3678 1278 3718 ,
1310 3620 1382 3733 qui
1401 3619 1604 3732 iniquita·

534 3760 623 3823 tem
651 3759 913 3851 operantur,
944 3734 1149 3824 videlicet
1177 3735 1248 3847 qui
1293 3737 1438 3837 odiis,
1466 3742 1603 3825 detra·

535 3855 785 3955 ctionibus,
814 3852 1010 3955 invidia,
1045 3854 1257 3941 ceterisve
1291 3855 1382 3943 aliis
1411 3856 1529 3944 viriis
1547 3857 1604 3943 ir·

536 3974 691 4075 retiti,
717 3973 895 4062 maxime
917 3996 1055 4058 tamen
1075 3974 1226 4060 carnali
1250 4005 1292 4061 se
1314 3978 1510 4089 polluunt
1529 3975 1605 4063 im·

533 4094 775 4184 munditia.
815 4094 868 4179 Et
887 4091 1122 4179 timendum
1141 4091 1239 4180 satis
1260 4117 1322 4181 est
1343 4154 1356 4192 ,
1386 4124 1439 4181 ne
1457 4124 1535 4180 nos
1554 4094 1600 4181 in

536 4212 711 4303 civitate
729 4244 799 4308 sua
818 4209 928 4298 aliud
947 4270 962 4311 ,
993 4242 1116 4324 quarn
1132 4211 1219 4327 ipse
1235 4212 1397 4326 diligit,
1429 4234 1603 4329 agentes

534 4328 729 4422 inveniat
753 4366 766 4438 ;
800 4330 955 4447 etipse
974 4329 1132 4431 nobis,
1165 4332 1327 4445 qualern
1356 4361 1440 4417 non
1463 4331 1602 4445 diligi·

535 4476 660 4553 mus,
694 4451 911 4540 districtus
944 4449 1136 4537 redditor
1176 4453 1406 4537 ostendat.
1442 4453 1486 4534 ln
1524 4455 1598 4536 hac
1668 4493 1669 4497 Ν

533 4569 649 4659 enirn
666 4574 740 4692 (3)
757 4571 928 4669 civitate
947 4592 1016 4673 ,et
1034 4568 1080 4657 iu
1100 4568 1181 4659 hoc
1204 4570 1365 4775 tegplo
1385 4572 1598 4658 celebran-

1322 4718 1348 4805 3

561 4858 614 4943 (ι)
641 4879 673 4939 r,
687 4860 776 4931 Cor.
792 4860 867 4933 tri.
885 4884 941 4958 17.
955 4868 1043 4936 Tem-
1090 4864 1145 4947 (a)
1161 4858 1251 4929 tbtd.
1272 4861 1306 4927 δι’
1320 4860 1394 4953 quis
1406 4876 1516 4940 autem
1528 4874 1593 4934 etc.v

531 4945 631 5048 pluer
643 4958 730 5027 etrt‘n
744 4959 882 5033 Deletc.
1090 4964 1144 5051 (3)
1159 4956 1264 5041 Forte
1281 4957 1408 5032 eriam.
