4284 6125
542 1254 629 1369 368
778 1280 1044 1345 nrvnrununr
1073 1274 1361 1345 oerrcronurtr

970 1434 1007 1523 C
1027 1434 1064 1531 C
1082 1438 1101 1519 1
1124 1436 1188 1529 11.

797 1580 871 1639 ne
903 1578 1252 1639 mnuurrrro
1282 1554 1363 1673 ()

659 1698 807 1821 ¹Media
835 1754 963 1819 nocte
990 1732 1106 1843 juxta
1121 1732 1378 1845 Prophetum
1395 1700 1429 1831 ,“
1451 1729 1504 1815 ad
1524 1756 1622 1819 con·

542 1845 743 1934 fitendum
762 1850 951 1938 Domino
976 1878 1145 1967 surgere
1161 1852 1364 1939 debemus
1383 1908 1401 1949 ,
1427 1845 1531 1961 quia
1546 1878 1621 1965 pu·

542 1968 684 2078 puium
701 1972 917 2054 sedentem
933 1968 978 2057 in
999 1968 1184 2057 tenebris
1202 2030 1218 2071 ‚
1242 1995 1286 2057 et
1302 1972 1454 2057 umbra
1471 1966 1618 2055 mortis

541 2086 740 2174 Christus
775 2086 978 2173 redimere
1010 2112 1129 2174 nurus
1164 2092 1216 2175 de
1235 2088 1451 2207 Virgine,
1479 2083 1615 2175 noctis

540 2206 586 2294 in
621 2234 810 2317 tempore
863 2204 1025 2292 venit.
1073 2208 1188 2295 Nam·
1221 2232 1395 2295 testatur
1428 2206 1616 2321 Evange-

541 2329 642 2411 lium
675 2327 781 2439 (α),
811 2325 905 2439 quin
937 2328 1159 2423 erurJertrr
1181 2348 1429 2443 pernoctans
1456 2326 1501 2411 in
1518 2354 1612 2411 oru-

538 2446 648 2533 tione
663 2444 740 2528 Dei
758 2506 769 2526 .
791 2446 934 2529 Paulus
953 2502 966 2542 ,
993 2469 1035 2529 et
1053 2444 1160 2532 Silas
1174 2448 1246 2564 (3)
1260 2441 1305 2531 in
1323 2441 1519 2543 custodia,
1537 2470 1613 2557 pu·

540 2564 648 2650 blica
667 2564 776 2648 circa
801 2560 935 2647 noctis
972 2558 1378 2661 medium'oranter,
1406 2564 1611 2673 hymnum

541 2678 807 2766 audientibus
844 2680 1007 2767 cuncti-s
1042 2682 1497 2783 dixissementorurur3
1534 2676 1614 2765 ubi

541 2820 717 2911 repente
752 2821 997 2886 terraemotu
1015 2798 1129 2888 sacto
1162 2861 1177 2901 ,
1210 2826 1253 2887 et
1281 2795 1496 2888 concussis
1522 2824 1614 2883 car·

542 2918 649 3003 ceris
675 2915 955 3003 fundamentis
977 2979 990 3019 ,
1023 2942 1066 3007 et
1085 2918 1218 3029 januis
1252 2938 1393 3033 purtae
1417 2913 1613 3031 apertis,

541 3034 731 3124 omnium
751 3034 915 3122 vincula
933 3065 1031 3123 sunt
1049 3042 1214 3126 soluta.
1247 3040 1293 3122 ln
1318 3038 1450 3124 Noun
1465 3036 1612 3122 Testa·

539 3185 685 3244 mento
706 3185 755 3241 ex
781 3156 852 3243 itto
870 3180 1094 3269 tempore,
1127 3189 1211 3270 quo
1234 3155 1447 3250 Dominus
1469 3178 1609 3241 noster

538 3281 656 3386 Jesus
677 3277 871 3362 Christus
890 3275 934 3362 in
953 3277 1166 3362 Betlehem
1184 3273 1297 3363 nasci
1316 3274 1510 3392 dignatus
1529 3299 1605 3367 err,

537 3397 757 3479 matutinae
777 3395 1244 3484 celebritatisOfficium
1268 3423 1342 3506 per
1367 3393 1607 3481 universum

540 3514 739 3612 mundum
765 3512 965 3616 celebrari
982 3513 1189 3602 invaluit.
1222 3511 1437 3618 Matutine
1452 3513 1527 3630 (4)
1541 3536 1608 3591 uu·

1522 3651 1608 3714 tem

566 3773 620 3853 (t)
641 3769 698 3837 Dc
716 3770 890 3844 Matutinis
908 3777 1047 3849 consule
1100 3826 1125 3861 „
1143 3793 1178 3850 et
1190 3775 1345 3849 Salvator
1357 3774 1398 3860 ab
1412 3768 1524 3844 inferis
1551 3791 1609 3837 re·

536 3865 572 3933 S.
587 3863 754 3936 isidorum
775 3869 832 3942 lib.
854 3896 884 3943 1.
899 3878 940 3943 de
954 3875 1045 3945 Eccl.
1100 3923 1125 3958 ‚,
1141 3874 1313 3954 surrexit,
1342 3869 1473 3962 quando
1498 3864 1607 3957 cffpit

540 3956 601 4052 off.
616 3985 754 4054 cam-uxr
768 3968 813 4036 11.
833 3974 994 4060 pag.588.
1011 3993 1045 4044 et
1102 3973 1223 4056 „oriri
1243 3967 1397 4044 fidelibus
1413 3963 1494 4041 lux,
1526 3984 1607 4051 quer

535 4060 747 4132 Amularium
765 4062 884 4137 tibnv.
897 4071 1045 4162 capmrl.
1099 4119 1125 4152 ‚,
1142 4069 1304 4142 moriente
1315 4059 1457 4134 Christo
1470 4058 1608 4129 occide·

532 4160 579 4228 de
589 4159 786 4229 Mattrtr'rralr’
797 4163 905 4251 Officio
920 4170 1042 4258 p.228.
1096 4215 1122 4249 ,‚
1140 4187 1191 4239 rat
1203 4159 1460 4262 peccatoribus.
1491 4154 1609 4248 Siqui-

560 4265 615 4342 (2)
635 4258 731 4327 Lucre
747 4283 881 4350 capnt.
898 4288 1040 4337 ver.12.
1095 4312 1120 4346 „
1137 4269 1213 4338 dem
1241 4280 1275 4334 et
1306 4260 1425 4329 eodem
1447 4271 1608 4346 tempore

533 4361 666 4424 iterat
690 4369 887 4450 pernoctans
909 4362 944 4432 irr
964 4385 1042 4454 oru-
1095 4411 1119 4444 ,‚
1134 4361 1266 4436 cunctis
1278 4380 1352 4452 spes
1365 4356 1486 4425 futurae
1500 4375 1609 4432 resur·

530 4450 699 4534 tionem?
710 4502 723 4534 .·
1093 4507 1118 4543 ,‚
1136 4457 1297 4544 rectionis
1325 4452 1477 4524 creditur
1494 4478 1503 4516 ε
1523 4472 1603 4541 eum

556 4553 611 4639 (3)
626 4551 704 4619 Act.
723 4576 804 4620 xvr.
823 4574 879 4640 25.
897 4561 954 4625 26.
1092 4605 1117 4639 ‚,
1132 4559 1236 4640 justi,
1264 4573 1297 4625 et
1324 4573 1441 4621 omnes
1469 4549 1510 4617 ab
1542 4548 1606 4616 hac

557 4653 610 4741 (4)
628 4648 662 4715 S.
677 4647 824 4719 Isidorus
856 4653 921 4721 loc.
942 4651 1037 4726 citat.
1093 4649 1314 4744 „temporali
1343 4665 1479 4726 morte,
1509 4643 1606 4735 quasi

530 4743 581 4814 'ric
603 4744 673 4814 ait:
704 4793 726 4823 ‚2
757 4747 922 4817 Matutine
948 4751 1036 4820 enim
1092 4799 1116 4833 „
1131 4779 1148 4823 a
1165 4772 1287 4843 sopore
1301 4746 1410 4818 somni
1426 4764 1606 4838 resurgent·

527 4889 558 4936 ,ο
573 4841 647 4914 luce
668 4842 816 4916 radiante
838 4847 1009 4918 Dominus
1024 4895 1035 4929 ,
1091 4896 1119 4934 ‚,
1139 4869 1188 4922 ter
1201 4845 1417 4942 evigilabunt
1431 4889 1442 4913 ·
1456 4885 1482 4921 η
