4284 6125
709 1429 852 1500 {lantum
873 1444 907 1498 et
938 1429 979 1499 ad
1006 1422 1249 1499 Ecclesiasticae
1274 1423 1482 1519 antiquitatis
1508 1424 1666 1499 notitiam

720 1529 955 1620 praebendam,
992 1544 1026 1594 et
1047 1529 1088 1594 ad
1105 1524 1337 1595 haeretieorum
1355 1521 1537 1594 calumnias
1564 1523 1667 1594 refel-

595 1625 709 1700 lendas
724 1626 926 1703 conferant,
953 1647 1017 1693 non
1042 1626 1144 1694 modo
1163 1623 1324 1698 Veterum
1337 1620 1495 1714 Ecclesia
1514 1620 1666 1701 Patrum,

595 1724 654 1795 sed
673 1722 771 1793 etiam
790 1724 1030 1811 Scriptorum,
1057 1721 1115 1814 qui
1132 1719 1288 1791 Patribus
1314 1719 1469 1810 proxime
1500 1740 1669 1789 successe·

597 1838 701 1900 runt,
730 1822 873 1913 Opera,
903 1818 934 1889 in
961 1822 1083 1912 quibus
1103 1820 1193 1891 Sacri
1210 1818 1401 1913 Religionis
1429 1837 1548 1889 nostrae
1564 1816 1665 1887 Ritus

597 1916 838 2010 explicantur,
867 1941 966 1989 nemo
982 1918 1078 2008 plane
1095 1939 1169 2001 cst,
1203 1918 1260 2012 qui
1278 1918 1433 2011 ignoret.
1465 1920 1580 2007 ltaque
1597 1938 1670 1986 ma·

597 2038 662 2111 gna
680 2022 720 2089 ab
734 2017 892 2088 omnibus
907 2017 954 2088 rei
971 2016 1154 2111 liturgica
1182 2016 1341 2089 studiosis
1358 2016 1508 2091 habenda
1525 2032 1573 2085 est
1590 2036 1669 2107 gra·

596 2113 645 2186 tia
672 2117 746 2186 Sac.
776 2114 971 2208 Theologisr
1002 2118 1145 2189 tloctori
1175 2115 1548 2208 l’hilippo'Zazzerar,
1578 2109 1672 2204 quod

534 2275 547 2306 ‚.
597 2212 768 2305 Opusculi
787 2216 828 2285 ab
845 2216 1030 2309 Anonymo
1051 2264 1061 2296 ‚
1082 2213 1140 2309 qui
1166 2237 1234 2288 sec.
1249 2237 1316 2285 xrr.
1338 2231 1503 2305 provecto
1517 2207 1633 2280 floruit
1647 2251 1672 2289 „

598 2316 650 2383 De
683 2309 1111 2386 consecratione'Ecclesiae
1139 2360 1150 2394 ,
1192 2314 1408 2387 Sacramentis
1434 2359 1446 2393 ,
1473 2309 1673 2403 Divinisque

602 2408 727 2501 officiis
743 2410 923 2505 perscripti
939 2435 981 2484 ex
1000 2412 1162 2490 Vaticano
1182 2411 1317 2483 Codice
1335 2413 1538 2504 nunnsoqo.
1554 2428 1674 2477 eruen-

599 2505 665 2591 di,
695 2507 925 2585 notationibus
952 2509 1120 2597 eruditis,
1148 2510 1356 2604 ubicumque
1383 2531 1435 2578 res
1460 2505 1674 2598 postulabat,

601 2603 822 2687 illustrandi,
850 2626 883 2677 et
904 2612 968 2685 hoc
985 2609 1086 2681 titulo
1110 2638 1119 2688 a
1154 2621 1328 2681 Sacrorum
1347 2605 1498 2678 Ecclesia
1516 2604 1674 2690 rituum,

602 2707 872 2802 Divinarumque
895 2706 1081 2796 officiorum
1106 2709 1319 2808 Eaplicatio,
1347 2703 1507 2798 vulgandi
1542 2701 1675 2795 cogita·

605 2800 763 2885 tionem,
795 2827 979 2900 curamque
1006 2808 1195 2902 susceperit
1223 2858 1235 2879 .
1262 2808 1308 2878 Ut
1336 2805 1424 2875 enirn
1457 2798 1675 2900 Opusculum

606 2899 725 2981 idem,
752 2902 990 2994 subjectasque
1019 2905 1202 2998 Opusculo
1229 2903 1488 2982 adnotationes,
1515 2895 1596 2971 Rmi
1616 2895 1678 2962 l’a·

605 2997 669 3071 tris
682 2999 737 3072 Fr.
752 2998 892 3071 Thomae
925 3001 1040 3075 Mariae
1069 3003 1252 3077 Mamachii
1270 3001 1358 3072 Ord.
1374 2999 1483 3071 Prard.
1501 2989 1678 3072 S.P.A.M·

604 3099 724 3184 iussu,
743 3099 993 3174 accuratissime
1010 3102 1185 3197 perlegens
1213 3097 1460 3179 animadverti,
1490 3095 1522 3165 in
1540 3118 1582 3164 eo
1598 3112 1678 3162 cum

607 3196 694 3269 nihil
723 3197 763 3265 ab
783 3197 997 3271 Orthodoris
1025 3202 1242 3294 dogmatibus
1270 3245 1283 3280 ,
1312 3194 1576 3285 Christianaque
1604 3211 1681 3259 mo·

609 3316 688 3368 rum
702 3292 878 3385 disciplina
898 3296 1042 3370 alienum
1058 3302 1211 3377 occurrit
1229 3344 1240 3377 ,
1268 3316 1339 3366 tum
1355 3293 1577 3374 omniafere,
1607 3306 1681 3379 quac

506 3420 509 3426 ·
612 3391 672 3465 SS.
686 3389 836 3462 isidorus
866 3393 1099 3485 Hispalensis,
1129 3396 1193 3468 Ivo
1217 3391 1468 3473 Carnotensis,
1497 3392 1615 3462 Bruno
1630 3384 1682 3456 Si·

614 3489 761 3586 gaiensis
777 3490 933 3581 Eplscopi
953 3542 963 3571 ,
988 3493 1114 3585 aliique
1132 3496 1175 3564 de
1190 3490 1346 3564 Ecclesiae
1371 3488 1577 3563 caeremoniis
1606 3499 1678 3554 ante

615 3587 835 3660 commentati
863 3587 1017 3669 fuerant,
1046 3591 1078 3660 in
1106 3616 1208 3661 unum
1240 3588 1347 3657 veluti
1363 3610 1487 3677 corpus
1513 3584 1681 3655 collecta,

616 3702 762 3775 apteque
780 3683 940 3775 disposita
958 3737 968 3766 ,
997 3694 1101 3761 modo
1129 3688 1245 3758 iisdem
1264 3685 1400 3753 illorum
1418 3729 1428 3761 ‚
1461 3679 1617 3769 aquibus
1631 3697 1684 3743 ac-

618 3798 717 3872 cepta
731 3800 832 3861 sunt,
860 3785 997 3867 verbis,
1016 3789 1117 3858 modo
1132 3781 1283 3875 uberiori
1299 3828 1310 3861 ‚
1341 3776 1396 3848 vel
1413 3774 1574 3867 pressiori
1590 3768 1684 3848 stilo,

619 3877 786 3953 lectorum
815 3882 921 3953 oculis
953 3885 1180 3967 subjiciuntur
1207 3929 1218 3962 ,
1245 3902 1283 3949 ac
1311 3872 1471 3950 nonnulla
1497 3921 1508 3954 ,
1534 3893 1608 3964 quae
1635 3866 1687 3939 illi

624 4000 693 4048 11011
721 3978 901 4071 attigerant
928 4030 939 4062 s
982 3999 1213 4055 enarrantur:
1243 3976 1275 4046 Si
1307 3974 1391 4065 quid
1417 3994 1501 4041 vero
1531 3974 1687 4047 Auctor,

625 4098 692 4171 pro
706 4078 868 4168 temporis
890 4129 900 4160 ,
930 4107 998 4172 quo
1023 4080 1212 4154 scribebat,
1242 4073 1437 4150 conditione
1463 4118 1473 4150 ,
1505 4093 1545 4138 ex
1580 4063 1690 4135 minus

627 4173 730 4247 certis
746 4182 971 4252 monumentis
1000 4175 1170 4270 protulit,
1196 4179 1260 4246 hoc
1276 4198 1293 4241 a
1308 4172 1469 4262 praeclaro
1483 4166 1621 4238 Editore
1635 4185 1693 4272 pp·

627 4288 776 4365 portune
811 4275 978 4350 indicatur
1006 4324 1016 4343 .
1050 4274 1284 4366 Quamobrem
1305 4271 1402 4358 Opus
1419 4266 1526 4356 ipsum
1557 4261 1694 4369 publica

632 4367 708 4443 luce
733 4372 964 4456 dignissimum
1000 4395 1120 4443 censeo
1140 4420 1148 4438 .
1178 4366 1414 4438 Ex'Coennbio
1437 4365 1563 4435 Sanctae
1580 4360 1694 4431 lllarrac

634 4488 737 4560 nuper
754 4471 941 4543 Minervam
959 4468 1204 4545 xvr.lralendas
1217 4465 1231 4546 J
1239 4464 1321 4534 ulias
1338 4486 1423 4532 anno
1439 4476 1696 4544 uocccxrcxrrr·

901 4580 953 4641 Pr.
969 4570 1108 4638 Thomas
1121 4564 1234 4634 Μανία
1253 4560 1401 4629 Soldatus
1419 4558 1604 4626 Ordl’rad.
1625 4561 1697 4619 δατ.

960 4667 1070 4736 Theol.
1086 4664 1268 4752 Magister,
1283 4661 1488 4749 eiusdemque
1502 4657 1537 4723 in
1554 4648 1698 4743 collegio

960 4758 1363 4849 Germanico-Hungnrico
1383 4751 1551 4841 Professor
1566 4796 1577 4820 .
