4284 6125
486 1402 498 1421 ἢ
543 1327 632 1414 350
781 1333 1047 1393 urvttcotturt
1079 1329 1366 1388 oretctonuur

545 1424 632 1504 Lex
654 1417 734 1506 Dei
755 1451 846 1509 erat
861 1425 1016 1535 Judaeis
1036 1449 1108 1522 ,et
1127 1447 1265 1507 tamen
1283 1440 1463 1535 peccata
1482 1445 1629 1506 eorum

547 1569 633 1623 non
658 1568 755 1624 sunt
782 1570 1067 1657 consumpta.
1103 1542 1281 1627 Flamma
1308 1538 1423 1625 enim
1461 1537 1534 1624 lex
1551 1540 1628 1626 Dei

544 1680 644 1757 est;
681 1664 808 1744 rubus
842 1688 980 1748 antem
1008 1685 1180 1776 peccata
1213 1661 1464 1770 ludaeorum
1501 1684 1629 1757 sunt,

545 1806 641 1886 quae
653 1778 716 1863 lex
737 1808 822 1863 non
837 1782 979 1893 potuit
995 1777 1496 1894 concremareminitp)
1508 1777 1628 1876 enirn,

542 1895 686 2007 inquit
699 1898 960 2011 Apostolus,
981 1907 1038 1985 orl
1047 1899 1328 2016 perfectionem
1346 1896 1533 1984 deduxit
1545 1901 1626 1985 lex.

543 2015 631 2098 Alii
649 2045 814 2099 veroin
835 2024 942 2103 rubo
959 2019 1216 2105 inflammato
1236 2076 1251 2115 ‚
1277 2044 1321 2102 et
1341 2043 1429 2100 uon
1451 2019 1628 2102 combu·
1660 2056 1662 2061 ·

543 2157 609 2216 sto
638 2133 862 2220 Ecclesiam
887 2140 1130 2255 intelligunt
1154 2131 1400 2223 inflammari
1427 2161 1627 2247 persecu·

544 2252 764 2352 tionibus,
809 2280 852 2338 et
896 2286 986 2340 eam
1036 2285 1218 2354 tamen,
1261 2255 1465 2365 loquente
1501 2253 1547 2339 in
1583 2282 1626 2338 ea

540 2371 763 2469 Domino,
800 2405 883 2456 non
903 2377 1075 2488 perire.
1109 2373 1197 2462 Alii
1231 2400 1411 2484 namque
1451 2400 1535 2486 pet
1564 2403 1625 2459 tu·

541 2492 640 2573 burn
661 2490 839 2576 Mariam
866 2495 1093 2609 significari
1113 2517 1291 2607 putant,
1323 2489 1366 2575 in
1388 2518 1475 2602 qua
1495 2489 1624 2606 virgi·

538 2608 647 2691 nitas
665 2614 737 2725 (2)
757 2615 926 2696 ardebat
946 2675 959 2711 ,
979 2645 1023 2702 er
1041 2616 1197 2701 nullum
1220 2607 1535 2695 detrimentum
1556 2640 1623 2722 pa·

540 2727 748 2812 tiebatur.
769 2734 897 2846 Quod
915 2763 1021 2820 vero
1039 2735 1082 2818 in
1103 2734 1252 2819 eodem
1272 2733 1379 2813 rubo
1399 2729 1622 2815 Dominus

537 2842 684 2956 Moysi
711 2849 952 2961 apparuisse
994 2856 1176 2969 legitur,
1208 2847 1416 2965 significat
1439 2877 1533 2931 non
1554 2847 1624 2933 ali·

538 2963 616 3062 bi,
648 2997 768 3078 quam
808 2967 849 3050 in
874 2971 1053 3058 Ecclesia
1083 3000 1176 3056 curn
1197 2965 1474 3056 credentibus
1497 2996 1623 3081 appa·

536 3112 660 3170 rere.
696 3089 748 3170 Et
765 3086 872 3174 <lixit
890 3093 1101 3178 Dominus
1118 3092 1168 3175 ad
1188 3089 1369 3198 lllloysen
1387 3087 1464 3204 (3)
1486 3116 1500 3172 c
1535 3088 1620 3173 Sol·

533 3235 582 3295 ve
619 3210 887 3295 calceamento
919 3217 969 3298 de
990 3213 1159 3328 pedibus
1189 3208 1313 3295 tuis.
1363 3206 1434 3290 llla
1474 3233 1617 3291 autem

533 3325 680 3435 Moysi
709 3330 900 3439 deposita
935 3337 1255 3425 calceamenta,
1290 3327 1369 3409 boc
1403 3323 1616 3440 significa·

536 3444 669 3544 baut,
702 3448 799 3558 quia
818 3450 953 3535 nullus
972 3452 1096 3569 digne
1128 3445 1399 3544 consistere,
1433 3446 1506 3529 vel
1529 3444 1618 3530 Do·

531 3663 556 3700 „
575 3640 694 3708 sponsa
707 3643 866 3709 sponsum
885 3626 1040 3715 repudia·
1095 3674 1119 3709 ,‚
1134 3649 1199 3719 que
1230 3625 1318 3695 sicut
1334 3620 1469 3692 dictum
1491 3640 1547 3692 est
1561 3623 1618 3707 lo·

530 3761 557 3798 ‚,
574 3714 752 3797 revellet,
780 3716 1041 3797 discalcearetur
1094 3773 1119 3807 ,‚
1134 3746 1218 3803 sue,
1243 3738 1277 3792 et
1298 3717 1441 3811 Moysi.
1470 3718 1617 3791 Hebraei

530 3808 634 3895 „ille
650 3829 708 3892 ‚et
723 3818 787 3885 boc
801 3827 887 3887 'esset
902 3818 1036 3911 signnm
1094 3870 1116 3903 „
1133 3839 1245 3891 autern
1264 3818 1404 3897 dicunt,
1422 3834 1614 3910 propterea

529 3955 555 3993 „
571 3910 723 4001 repudii.
739 3912 883 3985 Proinde
898 3916 1038 4014 Moyses
1093 3968 1117 4001 „
1133 3918 1165 3988 in
1194 3920 1281 3988 rubo
1317 3915 1515 4006 apparuisse
1535 3962 1546 3995 ‚
1578 3933 1613 3985 et

528 4005 761 4090 „discalceari
792 4013 931 4093 jubetur
958 4065 968 4095 ,
996 4044 1037 4090 ne
1091 4066 1114 4099 „
1131 4015 1246 4086 nonin
1263 4012 1333 4083 alio
1351 4011 1447 4104 ligno
1460 4061 1472 4093 ,
1487 4034 1532 4081 ne
1546 4011 1616 4083 for·

528 4151 553 4188 ,‚
569 4104 610 4173 ad
637 4104 820 4179 Ecclesiam
850 4158 860 4189 ‚
894 4133 969 4203 qum
1002 4116 1037 4187 ln
1091 4163 1115 4196 „
1135 4130 1168 4183 te
1198 4111 1393 4201 sculperent
1427 4109 1461 4180 in
1491 4112 1614 4181 eodem

528 4202 655 4286 „rubo
672 4203 1032 4304 significabatunquasi
1095 4259 1120 4295 ‚‚
1137 4207 1246 4293 Judaei
1277 4206 1407 4279 idolum
1428 4256 1440 4277 .
1470 4207 1617 4299 Semper

528 4345 554 4382 ‚‚
570 4300 884 4388 sponsuscalceatus
899 4314 1039 4382 accede·
1094 4355 1119 4390 „
1134 4306 1224 4379 enim
1239 4306 1336 4376 Deus
1353 4302 1496 4375 abstulit
1508 4327 1616 4375 occa·

527 4441 554 4478 ω
571 4412 645 4465 ret.
672 4400 750 4470 Hoc
779 4400 867 4473 enim
891 4404 1036 4479 Christo
1091 4454 1114 4489 ‚‚
1129 4404 1258 4475 sionem
1273 4400 1442 4475 idolatriae
1460 4450 1509 4483 .,‚

525 4496 766 4574 „servabatur
792 4547 802 4579 ‚
843 4502 900 4592 qui
935 4528 1036 4577 verus
1114 4511 1167 4594 (1)
1185 4501 1298 4572 Hebr.
1314 4501 1392 4571 vrl.
1414 4524 1469 4585 19·
1498 4498 1612 4593 NJln'l

525 4631 552 4672 „
564 4609 704 4699 sponsus
719 4595 814 4673 eratz
846 4598 888 4667 de
904 4622 972 4691 quo
986 4604 1039 4673 di·
1091 4603 1178 4671 enim
1193 4601 1236 4669 ad
1244 4598 1429 4695 perfectum
1444 4612 1509 4667 etc.

524 4703 613 4769 „ctt
637 4688 779 4772 loannes
809 4721 819 4762 a
850 4700 947 4779 cujus
970 4725 1036 4770 raon
1118 4705 1172 4785 (2l
1187 4698 1280 4769 Cod.
1298 4696 1485 4767 divinitas.

525 4828 552 4865 ,,
566 4807 638 4855 sum
653 4790 771 4883 dignus
787 4792 917 4864 solvere
935 4801 1038 4867 com‘·
1117 4803 1170 4887 (3)
1188 4792 1616 4885 Exod.111·.ver.5.soloe

412 4917 416 4925 ·
526 4884 656 4981 ..giam
684 4887 934 4982 calceamenti3
965 4894 1038 4969 uti·
1093 4894 1380 4974 calceamentum·
