4284 6125
598 1354 687 1442 372
844 1342 1109 1410 monronum
1139 1338 1420 1408 nemorosum

600 1447 749 1539 dicto,
781 1466 824 1529 et
848 1441 1043 1528 oratione
1061 1439 1323 1538 Dominica,
1355 1439 1406 1524 od
1437 1437 1686 1531 mundanda

599 1563 727 1651 corda
749 1587 920 1659 nostra,
953 1561 1101 1661 finira3
1139 1589 1215 1647 nec
1246 1587 1332 1645 non
1367 1554 1681 1644 benedictione

599 1709 623 1765 a
642 1679 869 1766 Sacerdote
891 1678 984 1766 vice
1003 1677 1164 1764 Christi
1184 1699 1371 1791 accepta,
1400 1697 1487 1763 tres
1503 1675 1684 1763 Lectio·

598 1827 676 1884 nes
695 1800 886 1915 leguntur
905 1860 916 1882 .
941 1800 1095 1884 Harum
1108 1799 1181 1914 (r)
1199 1823 1534 1906 unamquamque
1552 1824 1681 1915 suum

599 1919 872 2031 Responsum
891 1916 1158 2026 subsequitur
1181 1979 1191 2001 .
1227 1913 1504 2003 Lectionibus
1527 1910 1684 2026 itaque

599 2035 850 2150 praedicatio
868 2038 943 2151 (a)
961 2095 974 2131 ,
992 2034 1223 2146 Responsio
1260 2036 1370 2119 bona
1390 2059 1548 2144 opera,
1579 2060 1685 2144 quae

599 2152 799 2265 subsequi
819 2156 974 2239 debent
993 2154 1290 2268 ,designantur
1311 2217 1320 2236 .
1342 2150 1424 2262 Sex
1443 2148 1559 2235 enim
1576 2171 1686 2239 aeta·

599 2294 666 2359 tes
685 2272 819 2358 tribus
837 2272 1134 2385 temporibus,
1169 2274 1246 2357 hoc
1273 2291 1336 2355 est
1356 2329 1370 2369 ,
1402 2267 1602 2354 naturalis
1622 2269 1685 2355 ie·

495 2480 502 2490 ,
600 2389 705 2501 gis,
738 2390 904 2487 literae,
936 2412 979 2475 et
1018 2389 1120 2503 legis
1153 2387 1296 2505 gratiae
1327 2386 1676 2476 concluduntur.

600 2510 733 2625 Quod
758 2509 868 2596 idem
885 2509 928 2595 in
946 2507 1187 2595 Dominicis
1212 2507 1359 2592 diebus
1376 2505 1418 2590 in
1438 2503 1583 2619 primo
1600 2534 1684 2592 no·

602 2649 757 2712 cturno
784 2628 1006 2713 duodecim
1041 2630 1221 2742 psalmos
1254 2656 1346 2712 cum
1382 2620 1491 2709 trina
1516 2623 1685 2739 glorifi-

603 2743 772 2829 catione
799 2745 965 2833 Sanctae
989 2746 1212 2833 Trinitatis
1240 2739 1457 2840 canimus,
1488 2765 1532 2826 et
1559 2739 1683 2854 ipsos

602 2864 882 2972 quaternatim
909 2895 990 2950 uua
1018 2862 1358 2982 glorificatione,
1386 2886 1429 2946 et
1462 2889 1542 2944 una
1568 2860 1685 2946 anti·

597 2980 742 3093 phona
775 2983 1057 3096 copulamus,
1105 2981 1329 3072 duodecim
1361 2980 1590 3092 Prophetas
1625 2979 1683 3064 ad

601 3100 850 3185 memoriam
894 3103 1174 3205 reducimus,
1209 3133 1266 3189 ex
1298 3102 1449 3213 quibus
1477 3093 1682 3206 Judaicus

601 3219 795 3333 populus·
812 3245 874 3309 est
901 3249 1187 3340 propagatus,
1220 3218 1291 3336 qui
1327 3219 1370 3303 in
1391 3237 1573 3329 quatuor
1597 3215 1685 3299 vir·

602 3338 799 3437 tutibus,
830 3342 990 3431 scilicet
1009 3340 1234 3431 Prudentia
1251 3331 1544 3441 ,Fortitudine
1570 3335 1682 3450 (3),

601 3452 802 3563 Justitia,
832 3459 1134 3572 Temperantia
1166 3479 1493 3576 permanentes,
1522 3479 1681 3561 easque

532 3652 535 3663 ,
601 3568 825 3656 Trinitatis
844 3573 950 3676 fide,
969 3605 1012 3664 et
1032 3579 1234 3667 charitate
1253 3576 1523 3666 continentes
1541 3632 1556 3672 ,
1588 3570 1680 3655 Do·

599 3683 720 3773 mino
752 3690 911 3778 devote
947 3698 1187 3785 servierunt
1205 3700 1310 3817 (4),
1337 3720 1518 3806 quorum
1538 3718 1679 3776 exem·

599 3803 682 3918 piis
703 3807 901 3899 debemus
920 3813 1073 3903 instrui
1095 3882 1106 3905 .
1138 3821 1215 3904 Per
1241 3816 1469 3903 secundum
1504 3833 1679 3897 noctur·

599 3951 702 4010 uum
732 3925 1001 4042 designantur
1031 3935 1097 4037 ii,
1127 3935 1198 4050 qui
1230 3934 1275 4020 iu
1303 3935 1393 4050 iege
1416 3930 1679 4016 fueruntea·

600 4041 697 4125 dem
715 4042 795 4128 fide
813 4044 869 4146 ,dt
884 4051 1082 4139 charitate
1099 4052 1248 4140 muniti
1272 4115 1283 4139 .
1310 4056 1389 4136 Per
1407 4047 1576 4136 tertium
1596 4074 1682 4132 no·

601 4182 799 4246 eturnum
825 4165 1094 4282 designantur
1112 4172 1177 4273 ii,
1212 4168 1284 4285 qui
1318 4173 1394 4256 sub
1427 4163 1560 4283 gratia
1586 4163 1682 4252 fue·

600 4300 703 4362 runt
731 4278 887 4368 eisdem
926 4286 1156 4375 virtutibus
1186 4288 1405 4376 illuminati
1439 4347 1450 4371 .
1489 4289 1568 4369 Per
1601 4311 1682 4369 no·

601 4415 700 4480 vero
718 4397 946 4491 Lectiones
967 4466 981 4504 ,
1013 4409 1164 4520 quibus
1183 4414 1240 4497 Te
1262 4412 1389 4495 Deum
1423 4407 1681 4503 laudamus,

603 4509 685 4603 hoc
713 4542 777 4603 est
816 4579 830 4619 ,
860 4523 1020 4612 laudem
1047 4529 1131 4617 Dei
1158 4526 1450 4645 conjungimus
1486 4519 1680 4639 designa·

585 4845 590 4854 .
628 4783 879 4892 (3)Cod·His.
919 4794 1115 4889 (2)Itapu-
1189 4794 1349 4894 (3)Cod.
1379 4795 1538 4876 mendose
1568 4789 1677 4870 Porti-

603 4900 757 4955 sutmus.
783 4887 1113 4984 Codpraedr‘ranrrrs.
1164 4897 1268 4969 tudo·
1301 4903 1354 4993 (4)
1373 4890 1680 4977 eousemienuss
