<?xml version="1.0" encoding="UTF-8"?>
<!DOCTYPE html PUBLIC "-//W3C//DTD XHTML 1.0 Transitional//EN"
    "http://www.w3.org/TR/xhtml1/DTD/xhtml1-transitional.dtd">
<html xmlns="http://www.w3.org/1999/xhtml" xml:lang="en" lang="en">
 <head>
  <title>
</title>
<meta http-equiv="Content-Type" content="text/html;charset=utf-8" />
  <meta name='ocr-system' content='tesseract 3.04.00' />
  <meta name='ocr-capabilities' content='ocr_page ocr_carea ocr_par ocr_line ocrx_word'/>
</head>
<body>
  <div class='ocr_page' id='page_1' title='image "./ssecclesirituum00unkngoog_0086.png"; bbox 0 0 4284 6125; ppageno 0'>
   <div class='ocr_carea' id='block_1_1' title="bbox 533 1371 1600 4335">
    <p class='ocr_par' dir='ltr' id='par_1_1' title="bbox 533 1371 1600 4335">
     <span class='ocr_line' id='line_1_1' title="bbox 734 1371 1600 1470; baseline -0.009 -31"><span class='ocrx_word' id='word_1_1' title='bbox 734 1434 736 1439; x_wconf 85' lang='lat'><em>.</em></span> <span class='ocrx_word' id='word_1_2' title='bbox 856 1371 1294 1438; x_wconf 72' lang='lat' dir='ltr'>exesscnuto.</span> <span class='ocrx_word' id='word_1_3' title='bbox 1547 1381 1600 1470; x_wconf 81' lang='lat'>51</span> 
     </span>
     <span class='ocr_line' id='line_1_2' title="bbox 545 1461 1600 1584; baseline -0.003 -19"><span class='ocrx_word' id='word_1_4' title='bbox 545 1469 884 1577; x_wconf 75' lang='lat' dir='ltr'>contrahuntur3</span> <span class='ocrx_word' id='word_1_5' title='bbox 921 1468 1123 1558; x_wconf 89' lang='lat' dir='ltr'>videlicet</span> <span class='ocrx_word' id='word_1_6' title='bbox 1156 1461 1405 1554; x_wconf 87' lang='lat' dir='ltr'>incivitate</span> <span class='ocrx_word' id='word_1_7' title='bbox 1437 1474 1600 1584; x_wconf 86' lang='lat' dir='ltr'>Jerusa-</span> 
     </span>
     <span class='ocr_line' id='line_1_3' title="bbox 540 1586 1600 1705; baseline 0.002 -25"><span class='ocrx_word' id='word_1_8' title='bbox 540 1596 621 1681; x_wconf 89' lang='lat' dir='ltr'>lem</span> <span class='ocrx_word' id='word_1_9' title='bbox 641 1652 655 1692; x_wconf 87' lang='lat'>‚</span> <span class='ocrx_word' id='word_1_10' title='bbox 677 1588 723 1675; x_wconf 92' lang='lat' dir='ltr'>in</span> <span class='ocrx_word' id='word_1_11' title='bbox 750 1617 830 1703; x_wconf 91' lang='lat' dir='ltr'>qua</span> <span class='ocrx_word' id='word_1_12' title='bbox 849 1593 1049 1705; x_wconf 91' lang='lat' dir='ltr'>templum</span> <span class='ocrx_word' id='word_1_13' title='bbox 1079 1586 1160 1677; x_wconf 83' lang='lat' dir='ltr'>sibi</span> <span class='ocrx_word' id='word_1_14' title='bbox 1177 1587 1300 1699; x_wconf 82' lang='lat' dir='ltr'>jussit</span> <span class='ocrx_word' id='word_1_15' title='bbox 1318 1587 1448 1679; x_wconf 87' lang='lat' dir='ltr'>dicari</span> <span class='ocrx_word' id='word_1_16' title='bbox 1470 1657 1479 1679; x_wconf 90' lang='lat'><strong>.</strong></span> <span class='ocrx_word' id='word_1_17' title='bbox 1501 1595 1600 1683; x_wconf 82' lang='lat' dir='ltr'>llaec</span> 
     </span>
     <span class='ocr_line' id='line_1_4' title="bbox 541 1708 1600 1827; baseline -0.006 -25"><span class='ocrx_word' id='word_1_18' title='bbox 541 1711 655 1802; x_wconf 87' lang='lat' dir='ltr'>enim</span> <span class='ocrx_word' id='word_1_19' title='bbox 682 1708 831 1797; x_wconf 88' lang='lat' dir='ltr'>civitas</span> <span class='ocrx_word' id='word_1_20' title='bbox 867 1739 1090 1827; x_wconf 84' lang='lat' dir='ltr'>supernam</span> <span class='ocrx_word' id='word_1_21' title='bbox 1124 1708 1339 1796; x_wconf 89' lang='lat' dir='ltr'>civitatem</span> <span class='ocrx_word' id='word_1_22' title='bbox 1376 1714 1600 1822; x_wconf 83' lang='lat' dir='ltr'>Jerusalem</span> 
     </span>
     <span class='ocr_line' id='line_1_5' title="bbox 540 1827 1600 1949; baseline -0.006 -30"><span class='ocrx_word' id='word_1_23' title='bbox 540 1835 721 1949; x_wconf 77' lang='lat' dir='ltr'>figurat.</span> <span class='ocrx_word' id='word_1_24' title='bbox 757 1828 910 1917; x_wconf 85' lang='lat' dir='ltr'>Ciuitas</span> <span class='ocrx_word' id='word_1_25' title='bbox 945 1827 1105 1918; x_wconf 92' lang='lat' dir='ltr'>enima</span> <span class='ocrx_word' id='word_1_26' title='bbox 1137 1831 1468 1917; x_wconf 86' lang='lat' dir='ltr'>conversatione</span> <span class='ocrx_word' id='word_1_27' title='bbox 1501 1829 1600 1918; x_wconf 89' lang='lat' dir='ltr'>mul·</span> 
     </span>
     <span class='ocr_line' id='line_1_6' title="bbox 539 1945 1600 2065; baseline -0.001 -26"><span class='ocrx_word' id='word_1_28' title='bbox 539 1971 682 2039; x_wconf 88' lang='lat' dir='ltr'>torum</span> <span class='ocrx_word' id='word_1_29' title='bbox 712 1947 903 2050; x_wconf 89' lang='lat' dir='ltr'>dicitur,</span> <span class='ocrx_word' id='word_1_30' title='bbox 937 1977 1016 2065; x_wconf 89' lang='lat' dir='ltr'>pro</span> <span class='ocrx_word' id='word_1_31' title='bbox 1040 1949 1225 2060; x_wconf 90' lang='lat' dir='ltr'>eoquod</span> <span class='ocrx_word' id='word_1_32' title='bbox 1257 1945 1536 2061; x_wconf 87' lang='lat' dir='ltr'>plurimorum</span> <span class='ocrx_word' id='word_1_33' title='bbox 1560 1948 1600 2038; x_wconf 88' lang='lat' dir='ltr'>in</span> 
     </span>
     <span class='ocr_line' id='line_1_7' title="bbox 541 2067 1600 2178; baseline -0.003 -21"><span class='ocrx_word' id='word_1_34' title='bbox 541 2099 670 2157; x_wconf 90' lang='lat' dir='ltr'>unum</span> <span class='ocrx_word' id='word_1_35' title='bbox 687 2068 905 2157; x_wconf 87' lang='lat' dir='ltr'>contineat</span> <span class='ocrx_word' id='word_1_36' title='bbox 923 2069 1051 2155; x_wconf 89' lang='lat' dir='ltr'>vitam</span> <span class='ocrx_word' id='word_1_37' title='bbox 1070 2131 1082 2153; x_wconf 90' lang='lat'>.</span> <span class='ocrx_word' id='word_1_38' title='bbox 1116 2068 1346 2178; x_wconf 81' lang='lat' dir='ltr'>Jerusalem</span> <span class='ocrx_word' id='word_1_39' title='bbox 1363 2067 1489 2156; x_wconf 90' lang='lat' dir='ltr'>etiam</span> <span class='ocrx_word' id='word_1_40' title='bbox 1506 2068 1600 2156; x_wconf 85' lang='lat' dir='ltr'>visio</span> 
     </span>
     <span class='ocr_line' id='line_1_8' title="bbox 533 2184 1600 2308; baseline -0.003 -33"><span class='ocrx_word' id='word_1_41' title='bbox 533 2189 651 2308; x_wconf 81' lang='lat' dir='ltr'><em>pacis</em></span> <span class='ocrx_word' id='word_1_42' title='bbox 669 2187 973 2305; x_wconf 82' lang='lat' dir='ltr'>interpretatur</span> <span class='ocrx_word' id='word_1_43' title='bbox 992 2251 1002 2271; x_wconf 88' lang='lat'><strong>.</strong></span> <span class='ocrx_word' id='word_1_44' title='bbox 1038 2188 1140 2274; x_wconf 85' lang='lat' dir='ltr'>Haec</span> <span class='ocrx_word' id='word_1_45' title='bbox 1162 2210 1225 2274; x_wconf 90' lang='lat' dir='ltr'>est</span> <span class='ocrx_word' id='word_1_46' title='bbox 1242 2184 1357 2272; x_wconf 91' lang='lat' dir='ltr'>enim</span> <span class='ocrx_word' id='word_1_47' title='bbox 1374 2184 1442 2275; x_wconf 84' lang='lat' dir='ltr'>illa</span> <span class='ocrx_word' id='word_1_48' title='bbox 1459 2216 1600 2300; x_wconf 87' lang='lat' dir='ltr'>super·</span> 
     </span>
     <span class='ocr_line' id='line_1_9' title="bbox 538 2303 1600 2423; baseline -0.002 -29"><span class='ocrx_word' id='word_1_49' title='bbox 538 2340 592 2396; x_wconf 89' lang='lat' dir='ltr'>na</span> <span class='ocrx_word' id='word_1_50' title='bbox 617 2309 847 2418; x_wconf 78' lang='lat' dir='ltr'>Jerusalem</span> <span class='ocrx_word' id='word_1_51' title='bbox 878 2368 894 2408; x_wconf 87' lang='lat'><strong>,</strong></span> <span class='ocrx_word' id='word_1_52' title='bbox 929 2303 1080 2395; x_wconf 87' lang='lat' dir='ltr'>civitas</span> <span class='ocrx_word' id='word_1_53' title='bbox 1106 2304 1238 2423; x_wconf 84' lang='lat' dir='ltr'>Regis</span> <span class='ocrx_word' id='word_1_54' title='bbox 1278 2306 1445 2422; x_wconf 83' lang='lat' dir='ltr'>magni.</span> <span class='ocrx_word' id='word_1_55' title='bbox 1480 2307 1600 2391; x_wconf 82' lang='lat' dir='ltr'>Unde</span> 
     </span>
     <span class='ocr_line' id='line_1_10' title="bbox 539 2424 1600 2546; baseline -0.008 -30"><span class='ocrx_word' id='word_1_56' title='bbox 539 2426 757 2516; x_wconf 87' lang='lat' dir='ltr'>Psalmista</span> <span class='ocrx_word' id='word_1_57' title='bbox 781 2429 855 2546; x_wconf 90' lang='lat'>(1)</span> <span class='ocrx_word' id='word_1_58' title='bbox 873 2459 885 2514; x_wconf 81' lang='lat' dir='ltr'>s</span> <span class='ocrx_word' id='word_1_59' title='bbox 915 2426 1104 2515; x_wconf 85' lang='lat' dir='ltr'>Glorioso</span> <span class='ocrx_word' id='word_1_60' title='bbox 1131 2426 1361 2514; x_wconf 82' lang='lat' dir='ltr'>dictasunt</span> <span class='ocrx_word' id='word_1_61' title='bbox 1384 2429 1437 2512; x_wconf 87' lang='lat' dir='ltr'>de</span> <span class='ocrx_word' id='word_1_62' title='bbox 1457 2445 1499 2515; x_wconf 79' lang='lat' dir='ltr'>te</span> <span class='ocrx_word' id='word_1_63' title='bbox 1515 2424 1600 2515; x_wconf 83' lang='lat' dir='ltr'>civi·</span> 
     </span>
     <span class='ocr_line' id='line_1_11' title="bbox 538 2542 1600 2659; baseline -0.007 -23"><span class='ocrx_word' id='word_1_64' title='bbox 538 2568 604 2636; x_wconf 83' lang='lat' dir='ltr'>tos</span> <span class='ocrx_word' id='word_1_65' title='bbox 628 2546 736 2634; x_wconf 88' lang='lat' dir='ltr'>Dei.</span> <span class='ocrx_word' id='word_1_66' title='bbox 771 2548 874 2637; x_wconf 86' lang='lat' dir='ltr'>Haec</span> <span class='ocrx_word' id='word_1_67' title='bbox 903 2576 1082 2659; x_wconf 88' lang='lat' dir='ltr'>namque</span> <span class='ocrx_word' id='word_1_68' title='bbox 1100 2542 1252 2636; x_wconf 92' lang='lat' dir='ltr'>civitas</span> <span class='ocrx_word' id='word_1_69' title='bbox 1284 2573 1371 2630; x_wconf 89' lang='lat' dir='ltr'>non</span> <span class='ocrx_word' id='word_1_70' title='bbox 1391 2544 1440 2630; x_wconf 67' lang='lat' dir='ltr'>in&#39;</span> <span class='ocrx_word' id='word_1_71' title='bbox 1456 2545 1600 2642; x_wconf 75' lang='lat' dir='ltr'>terris,</span> 
     </span>
     <span class='ocr_line' id='line_1_12' title="bbox 542 2663 1600 2783; baseline -0.009 -28"><span class='ocrx_word' id='word_1_72' title='bbox 542 2664 674 2755; x_wconf 90' lang='lat' dir='ltr'>sedin</span> <span class='ocrx_word' id='word_1_73' title='bbox 693 2665 806 2756; x_wconf 87' lang='lat' dir='ltr'>caelis</span> <span class='ocrx_word' id='word_1_74' title='bbox 820 2666 933 2759; x_wconf 86' lang='lat' dir='ltr'>vivis</span> <span class='ocrx_word' id='word_1_75' title='bbox 951 2696 1003 2753; x_wconf 90' lang='lat' dir='ltr'>ex</span> <span class='ocrx_word' id='word_1_76' title='bbox 1022 2663 1229 2783; x_wconf 82' lang='lat' dir='ltr'>lapidibus</span> <span class='ocrx_word' id='word_1_77' title='bbox 1251 2686 1316 2752; x_wconf 91' lang='lat' dir='ltr'>est</span> <span class='ocrx_word' id='word_1_78' title='bbox 1333 2685 1600 2762; x_wconf 84' lang='lat' dir='ltr'>constructa¹</span> 
     </span>
     <span class='ocr_line' id='line_1_13' title="bbox 539 2783 1600 2904; baseline -0.008 -30"><span class='ocrx_word' id='word_1_79' title='bbox 539 2786 774 2904; x_wconf 75' lang='lat' dir='ltr'>&amp;Angelis</span> <span class='ocrx_word' id='word_1_80' title='bbox 793 2786 903 2874; x_wconf 90' lang='lat' dir='ltr'>miro</span> <span class='ocrx_word' id='word_1_81' title='bbox 921 2783 1071 2879; x_wconf 88' lang='lat' dir='ltr'>ordine</span> <span class='ocrx_word' id='word_1_82' title='bbox 1089 2786 1316 2874; x_wconf 79' lang='lat' dir='ltr'>adornatas</span> <span class='ocrx_word' id='word_1_83' title='bbox 1338 2783 1518 2898; x_wconf 81' lang='lat' dir='ltr'>Lapides</span> <span class='ocrx_word' id='word_1_84' title='bbox 1538 2811 1600 2869; x_wconf 90' lang='lat' dir='ltr'>cu·</span> 
     </span>
     <span class='ocr_line' id='line_1_14' title="bbox 538 2901 1600 3020; baseline -0.005 -30"><span class='ocrx_word' id='word_1_85' title='bbox 538 2903 602 3017; x_wconf 80' lang='lat' dir='ltr'>jus</span> <span class='ocrx_word' id='word_1_86' title='bbox 621 2935 707 2993; x_wconf 91' lang='lat' dir='ltr'>non</span> <span class='ocrx_word' id='word_1_87' title='bbox 727 2907 838 2995; x_wconf 90' lang='lat' dir='ltr'>calce</span> <span class='ocrx_word' id='word_1_88' title='bbox 859 2968 873 3007; x_wconf 90' lang='lat'><strong>,</strong></span> <span class='ocrx_word' id='word_1_89' title='bbox 892 2908 965 2993; x_wconf 90' lang='lat' dir='ltr'>sed</span> <span class='ocrx_word' id='word_1_90' title='bbox 984 2904 1189 2994; x_wconf 89' lang='lat' dir='ltr'>charitate</span> <span class='ocrx_word' id='word_1_91' title='bbox 1205 2903 1436 3020; x_wconf 78' lang='lat' dir='ltr'>junguntur</span> <span class='ocrx_word' id='word_1_92' title='bbox 1455 2935 1470 3006; x_wconf 81' lang='lat'>3</span> <span class='ocrx_word' id='word_1_93' title='bbox 1489 2901 1600 3006; x_wconf 78' lang='lat' dir='ltr'>cuius</span> 
     </span>
     <span class='ocr_line' id='line_1_15' title="bbox 540 3020 1600 3138; baseline -0.001 -31"><span class='ocrx_word' id='word_1_94' title='bbox 540 3023 855 3111; x_wconf 82' lang='lat' dir='ltr'>fundamentum</span> <span class='ocrx_word' id='word_1_95' title='bbox 874 3025 1074 3115; x_wconf 90' lang='lat' dir='ltr'>Christus</span> <span class='ocrx_word' id='word_1_96' title='bbox 1094 3052 1183 3125; x_wconf 90' lang='lat' dir='ltr'>est,</span> <span class='ocrx_word' id='word_1_97' title='bbox 1199 3021 1470 3138; x_wconf 80' lang='lat' dir='ltr'>cujusportae</span> <span class='ocrx_word' id='word_1_98' title='bbox 1487 3020 1600 3135; x_wconf 89' lang='lat' dir='ltr'>Apo·</span> 
     </span>
     <span class='ocr_line' id='line_1_16' title="bbox 544 3141 1600 3260; baseline -0.003 -33"><span class='ocrx_word' id='word_1_99' title='bbox 544 3141 640 3228; x_wconf 90' lang='lat' dir='ltr'>stoli</span> <span class='ocrx_word' id='word_1_100' title='bbox 660 3170 756 3231; x_wconf 89' lang='lat' dir='ltr'>sunt</span> <span class='ocrx_word' id='word_1_101' title='bbox 776 3175 791 3249; x_wconf 75' lang='lat'>3</span> <span class='ocrx_word' id='word_1_102' title='bbox 815 3144 932 3255; x_wconf 84' lang='lat' dir='ltr'>cujus</span> <span class='ocrx_word' id='word_1_103' title='bbox 953 3148 1166 3235; x_wconf 85' lang='lat' dir='ltr'>columnae</span> <span class='ocrx_word' id='word_1_104' title='bbox 1184 3141 1388 3260; x_wconf 83' lang='lat' dir='ltr'>Episcopi</span> <span class='ocrx_word' id='word_1_105' title='bbox 1406 3162 1504 3230; x_wconf 89' lang='lat' dir='ltr'>sunt</span> <span class='ocrx_word' id='word_1_106' title='bbox 1521 3199 1534 3239; x_wconf 92' lang='lat'><strong>,</strong></span> <span class='ocrx_word' id='word_1_107' title='bbox 1549 3160 1600 3225; x_wconf 89' lang='lat' dir='ltr'>at·</span> 
     </span>
     <span class='ocr_line' id='line_1_17' title="bbox 543 3262 1600 3380; baseline -0.003 -34"><span class='ocrx_word' id='word_1_108' title='bbox 543 3291 627 3373; x_wconf 89' lang='lat' dir='ltr'>que</span> <span class='ocrx_word' id='word_1_109' title='bbox 645 3262 861 3349; x_wconf 90' lang='lat' dir='ltr'>Doctores</span> <span class='ocrx_word' id='word_1_110' title='bbox 878 3294 891 3363; x_wconf 91' lang='grc'>;</span> <span class='ocrx_word' id='word_1_111' title='bbox 910 3263 1027 3372; x_wconf 83' lang='lat' dir='ltr'>cujus</span> <span class='ocrx_word' id='word_1_112' title='bbox 1047 3265 1197 3380; x_wconf 82' lang='lat' dir='ltr'>plateae</span> <span class='ocrx_word' id='word_1_113' title='bbox 1217 3325 1231 3365; x_wconf 87' lang='lat'>‚</span> <span class='ocrx_word' id='word_1_114' title='bbox 1250 3262 1294 3352; x_wconf 80' lang='lat' dir='ltr'>dt</span> <span class='ocrx_word' id='word_1_115' title='bbox 1312 3263 1419 3348; x_wconf 92' lang='lat' dir='ltr'>muri</span> <span class='ocrx_word' id='word_1_116' title='bbox 1438 3284 1536 3348; x_wconf 90' lang='lat' dir='ltr'>suut</span> <span class='ocrx_word' id='word_1_117' title='bbox 1557 3286 1600 3344; x_wconf 83' lang='lat' dir='ltr'>es</span> 
     </span>
     <span class='ocr_line' id='line_1_18' title="bbox 545 3376 1600 3500; baseline 0.001 -36"><span class='ocrx_word' id='word_1_118' title='bbox 545 3376 910 3500; x_wconf 82' lang='lat' dir='ltr'>auropurissimp.</span> <span class='ocrx_word' id='word_1_119' title='bbox 929 3381 1332 3473; x_wconf 88' lang='lat' dir='ltr'>Sicutenimaurum</span> <span class='ocrx_word' id='word_1_120' title='bbox 1345 3380 1600 3496; x_wconf 79' lang='lat' dir='ltr'>quantoplus</span> 
     </span>
     <span class='ocr_line' id='line_1_19' title="bbox 545 3497 1600 3615; baseline -0.003 -30"><span class='ocrx_word' id='word_1_121' title='bbox 545 3498 776 3610; x_wconf 91' lang='lat' dir='ltr'>coquitur,</span> <span class='ocrx_word' id='word_1_122' title='bbox 808 3520 924 3585; x_wconf 91' lang='lat' dir='ltr'>tanto</span> <span class='ocrx_word' id='word_1_123' title='bbox 940 3497 1168 3615; x_wconf 78' lang='lat' dir='ltr'>pretiosius</span> <span class='ocrx_word' id='word_1_124' title='bbox 1190 3501 1411 3601; x_wconf 91' lang='lat' dir='ltr'>redditur,</span> <span class='ocrx_word' id='word_1_125' title='bbox 1433 3499 1488 3587; x_wconf 92' lang='lat' dir='ltr'>ita</span> <span class='ocrx_word' id='word_1_126' title='bbox 1511 3500 1600 3584; x_wconf 84' lang='lat' dir='ltr'>fide·</span> 
     </span>
     <span class='ocr_line' id='line_1_20' title="bbox 541 3616 1600 3740; baseline -0.002 -37"><span class='ocrx_word' id='word_1_127' title='bbox 541 3616 603 3703; x_wconf 90' lang='lat' dir='ltr'>les</span> <span class='ocrx_word' id='word_1_128' title='bbox 622 3640 781 3729; x_wconf 91' lang='lat' dir='ltr'>quanto</span> <span class='ocrx_word' id='word_1_129' title='bbox 802 3616 928 3734; x_wconf 85' lang='lat' dir='ltr'>magis</span> <span class='ocrx_word' id='word_1_130' title='bbox 962 3618 1313 3713; x_wconf 85' lang='lat' dir='ltr'>tribulationibus</span> <span class='ocrx_word' id='word_1_131' title='bbox 1333 3620 1576 3740; x_wconf 81' lang='lat' dir='ltr'>affliguntur</span> <span class='ocrx_word' id='word_1_132' title='bbox 1597 3681 1600 3715; x_wconf 58' lang='lat'><em>2</em></span> 
     </span>
     <span class='ocr_line' id='line_1_21' title="bbox 541 3733 1600 3853; baseline 0.003 -31"><span class='ocrx_word' id='word_1_133' title='bbox 541 3758 661 3823; x_wconf 89' lang='lat' dir='ltr'>tanto</span> <span class='ocrx_word' id='word_1_134' title='bbox 689 3733 817 3853; x_wconf 84' lang='lat' dir='ltr'>magis</span> <span class='ocrx_word' id='word_1_135' title='bbox 843 3738 1124 3853; x_wconf 88' lang='lat' dir='ltr'>pretiosiores</span> <span class='ocrx_word' id='word_1_136' title='bbox 1143 3742 1418 3835; x_wconf 83' lang='lat' dir='ltr'>efficiuntur.</span> <span class='ocrx_word' id='word_1_137' title='bbox 1445 3742 1503 3834; x_wconf 80' lang='lat' dir='ltr'>ln</span> <span class='ocrx_word' id='word_1_138' title='bbox 1536 3740 1600 3825; x_wconf 81' lang='lat' dir='ltr'>ha&lt;</span> 
     </span>
     <span class='ocr_line' id='line_1_22' title="bbox 541 3854 1600 3976; baseline -0.002 -34"><span class='ocrx_word' id='word_1_139' title='bbox 541 3856 669 3942; x_wconf 89' lang='lat' dir='ltr'>etiam</span> <span class='ocrx_word' id='word_1_140' title='bbox 697 3854 870 3974; x_wconf 85' lang='lat' dir='ltr'>civitate</span> <span class='ocrx_word' id='word_1_141' title='bbox 888 3884 987 3945; x_wconf 92' lang='lat' dir='ltr'>sunt</span> <span class='ocrx_word' id='word_1_142' title='bbox 1020 3861 1258 3952; x_wconf 85' lang='lat' dir='ltr'>duodecim</span> <span class='ocrx_word' id='word_1_143' title='bbox 1288 3886 1462 3976; x_wconf 81' lang='lat' dir='ltr'>portae3</span> <span class='ocrx_word' id='word_1_144' title='bbox 1500 3856 1600 3940; x_wconf 81' lang='lat' dir='ltr'>unde</span> 
     </span>
     <span class='ocr_line' id='line_1_23' title="bbox 540 3975 1600 4099; baseline 0.006 -39"><span class='ocrx_word' id='word_1_145' title='bbox 540 3977 723 4085; x_wconf 82' lang='lat' dir='ltr'>Joannes</span> <span class='ocrx_word' id='word_1_146' title='bbox 755 3975 1019 4094; x_wconf 81' lang='lat' dir='ltr'>Evangelista</span> <span class='ocrx_word' id='word_1_147' title='bbox 1060 3979 1107 4068; x_wconf 94' lang='lat' dir='ltr'>in</span> <span class='ocrx_word' id='word_1_148' title='bbox 1137 3982 1456 4099; x_wconf 82' lang='lat' dir='ltr'>Apocalypsato</span> <span class='ocrx_word' id='word_1_149' title='bbox 1501 3976 1600 4060; x_wconf 73' lang='lat' dir='ltr'>libre</span> 
     </span>
     <span class='ocr_line' id='line_1_24' title="bbox 542 4092 1600 4215; baseline 0.004 -35"><span class='ocrx_word' id='word_1_150' title='bbox 542 4092 599 4180; x_wconf 94' lang='lat' dir='ltr'>ait</span> <span class='ocrx_word' id='word_1_151' title='bbox 616 4092 690 4210; x_wconf 86' lang='lat'>(2)</span> <span class='ocrx_word' id='word_1_152' title='bbox 709 4124 723 4177; x_wconf 80' lang='lat' dir='ltr'>s</span> <span class='ocrx_word' id='word_1_153' title='bbox 749 4094 813 4180; x_wconf 75' lang='lat' dir='ltr'>As</span> <span class='ocrx_word' id='word_1_154' title='bbox 833 4094 998 4185; x_wconf 82' lang='lat' dir='ltr'>Oriente</span> <span class='ocrx_word' id='word_1_155' title='bbox 1026 4122 1163 4215; x_wconf 79' lang='lat' dir='ltr'>portae</span> <span class='ocrx_word' id='word_1_156' title='bbox 1188 4122 1303 4201; x_wconf 86' lang='lat' dir='ltr'>tres,</span> <span class='ocrx_word' id='word_1_157' title='bbox 1334 4101 1387 4186; x_wconf 84' lang='lat' dir='ltr'>ob</span> <span class='ocrx_word' id='word_1_158' title='bbox 1406 4093 1600 4211; x_wconf 75' lang='lat' dir='ltr'>Aquilone</span> 
     </span>
     <span class='ocr_line' id='line_1_25' title="bbox 534 4212 1600 4335; baseline -0.007 -37"><span class='ocrx_word' id='word_1_159' title='bbox 534 4236 669 4329; x_wconf 82' lang='lat' dir='ltr'>porrae</span> <span class='ocrx_word' id='word_1_160' title='bbox 687 4232 796 4314; x_wconf 84' lang='lat' dir='ltr'>tres,</span> <span class='ocrx_word' id='word_1_161' title='bbox 810 4216 862 4302; x_wconf 84' lang='lat' dir='ltr'>ab</span> <span class='ocrx_word' id='word_1_162' title='bbox 878 4214 1034 4305; x_wconf 76' lang='lat' dir='ltr'>Austro</span> <span class='ocrx_word' id='word_1_163' title='bbox 1044 4240 1181 4335; x_wconf 79' lang='lat' dir='ltr'>portae</span> <span class='ocrx_word' id='word_1_164' title='bbox 1195 4240 1277 4307; x_wconf 83' lang='lat' dir='ltr'>tres</span> <span class='ocrx_word' id='word_1_165' title='bbox 1289 4278 1304 4318; x_wconf 90' lang='lat'>‚</span> <span class='ocrx_word' id='word_1_166' title='bbox 1316 4219 1364 4313; x_wconf 72' lang='lat' dir='ltr'>O</span> <span class='ocrx_word' id='word_1_167' title='bbox 1380 4217 1432 4303; x_wconf 84' lang='lat' dir='ltr'>ob</span> <span class='ocrx_word' id='word_1_168' title='bbox 1453 4212 1600 4300; x_wconf 83' lang='lat' dir='ltr'>Occasu</span> 
     </span>
    </p>
   </div>
   <div class='ocr_carea' id='block_1_2' title="bbox 534 4325 1600 4542">
    <p class='ocr_par' dir='ltr' id='par_1_2' title="bbox 534 4325 1600 4542">
     <span class='ocr_line' id='line_1_26' title="bbox 534 4325 1600 4542; baseline -0.008 -124"><span class='ocrx_word' id='word_1_169' title='bbox 534 4350 668 4447; x_wconf 82' lang='lat' dir='ltr'>portae</span> <span class='ocrx_word' id='word_1_170' title='bbox 681 4351 791 4421; x_wconf 86' lang='lat' dir='ltr'>tres.</span> <span class='ocrx_word' id='word_1_171' title='bbox 815 4336 892 4422; x_wconf 87' lang='lat' dir='ltr'>Per</span> <span class='ocrx_word' id='word_1_172' title='bbox 912 4333 1140 4427; x_wconf 84' lang='lat' dir='ltr'>Orientem</span> <span class='ocrx_word' id='word_1_173' title='bbox 1159 4339 1341 4542; x_wconf 56' lang='grc' dir='ltr'>ροριὸιις</span> <span class='ocrx_word' id='word_1_174' title='bbox 1360 4325 1600 4444; x_wconf 85' lang='lat' dir='ltr'>intelligitur</span> 
     </span>
     <span class='ocr_line' id='line_1_27' title="bbox 1328 4482 1355 4542; baseline 0 0"><span class='ocrx_word' id='word_1_175' title='bbox 1328 4482 1355 4542; x_wconf 82' lang='lat'><em>2</em></span> 
     </span>
    </p>
   </div>
   <div class='ocr_carea' id='block_1_3' title="bbox 541 4630 1600 4926">
    <p class='ocr_par' dir='ltr' id='par_1_3' title="bbox 541 4630 1600 4926">
     <span class='ocr_line' id='line_1_28' title="bbox 569 4630 1596 4728; baseline -0.026 -28"><span class='ocrx_word' id='word_1_176' title='bbox 569 4637 625 4720; x_wconf 88' lang='lat' dir='ltr'>(t)</span> <span class='ocrx_word' id='word_1_177' title='bbox 647 4630 736 4703; x_wconf 86' lang='lat' dir='ltr'>Psal.</span> <span class='ocrx_word' id='word_1_178' title='bbox 754 4655 903 4704; x_wconf 82' lang='lat' dir='ltr'>txxxvr.</span> <span class='ocrx_word' id='word_1_179' title='bbox 922 4654 955 4723; x_wconf 89' lang='lat'>3.</span> <span class='ocrx_word' id='word_1_180' title='bbox 1103 4652 1137 4706; x_wconf 84' lang='lat' dir='ltr'>er</span> <span class='ocrx_word' id='word_1_181' title='bbox 1152 4631 1371 4727; x_wconf 70' lang='lat' dir='ltr'>abAquilone</span> <span class='ocrx_word' id='word_1_182' title='bbox 1380 4638 1484 4728; x_wconf 75' lang='lat' dir='ltr'>porta</span> <span class='ocrx_word' id='word_1_183' title='bbox 1498 4631 1596 4688; x_wconf 85' lang='lat' dir='ltr'>tres,e</span> 
     </span>
     <span class='ocr_line' id='line_1_29' title="bbox 541 4710 1600 4824; baseline -0.025 -6"><span class='ocrx_word' id='word_1_184' title='bbox 541 4763 546 4771; x_wconf 90' lang='lat'>&#39;</span> <span class='ocrx_word' id='word_1_185' title='bbox 565 4734 624 4820; x_wconf 82' lang='lat'>(²)</span> <span class='ocrx_word' id='word_1_186' title='bbox 650 4728 847 4824; x_wconf 58' lang='lat' dir='ltr'>APOQIYP·</span> <span class='ocrx_word' id='word_1_187' title='bbox 874 4752 958 4803; x_wconf 72' lang='grc' dir='ltr'>ω.</span> <span class='ocrx_word' id='word_1_188' title='bbox 991 4749 1048 4821; x_wconf 79' lang='lat'>13.</span> <span class='ocrx_word' id='word_1_189' title='bbox 1101 4732 1504 4823; x_wconf 61' lang='lat' dir='ltr'>abaeusrroportatren</span> <span class='ocrx_word' id='word_1_190' title='bbox 1523 4722 1554 4777; x_wconf 59' lang='grc' dir='ltr'>θ’</span> <span class='ocrx_word' id='word_1_191' title='bbox 1569 4710 1600 4770; x_wconf 69' lang='lat'>‘⁸¹</span> 
     </span>
     <span class='ocr_line' id='line_1_30' title="bbox 541 4822 1453 4926; baseline -0.003 -33"><span class='ocrx_word' id='word_1_192' title='bbox 541 4822 607 4893; x_wconf 61' lang='lat' dir='ltr'>ab</span> <span class='ocrx_word' id='word_1_193' title='bbox 642 4829 779 4900; x_wconf 80' lang='lat' dir='ltr'>Oriente</span> <span class='ocrx_word' id='word_1_194' title='bbox 817 4842 924 4926; x_wconf 76' lang='lat' dir='ltr'>porte</span> <span class='ocrx_word' id='word_1_195' title='bbox 953 4842 1049 4910; x_wconf 78' lang='lat' dir='ltr'>tres,</span> <span class='ocrx_word' id='word_1_196' title='bbox 1103 4837 1226 4898; x_wconf 79' lang='lat' dir='ltr'>occasu</span> <span class='ocrx_word' id='word_1_197' title='bbox 1237 4839 1340 4919; x_wconf 74' lang='lat' dir='ltr'>porta</span> <span class='ocrx_word' id='word_1_198' title='bbox 1356 4837 1453 4893; x_wconf 79' lang='lat' dir='ltr'>tres·</span> 
     </span>
    </p>
   </div>
   <div class='ocr_carea' id='block_1_4' title="bbox 0 0 2146 6117">
    <p class='ocr_par' dir='ltr' id='par_1_4' title="bbox 0 0 2146 6117">
     <span class='ocr_line' id='line_1_31' title="bbox 0 0 2146 6117; baseline 0 0"><span class='ocrx_word' id='word_1_199' title='bbox 0 0 2146 6117; x_wconf 95' lang='lat' dir='ltr'> </span> 
     </span>
    </p>
   </div>
  </div>
 </body>
</html>
