4284 6125
600 1398 686 1483 292
838 1393 1105 1457 nsvtuouuss
1135 1388 1418 1455 oestcsostuut
1496 1461 1500 1471 ⁸

596 1481 795 1605 poralia,
823 1509 897 1571 out
930 1485 1151 1573 Ecclesium
1182 1484 1260 1571 Dei
1288 1478 1589 1577 contemnitis?
1620 1484 1675 1573 Et

595 1607 807 1719 Propheta
826 1606 931 1720 (1):
967 1605 1149 1691 Dilectus
1176 1634 1288 1691 meus
1303 1606 1346 1691 in
1362 1610 1483 1691 domo
1513 1604 1671 1712 meuse-²

595 1728 651 1817 cit
675 1728 823 1811 scelera
840 1727 968 1810 multu
992 1787 1002 1807 .
1041 1726 1330 1849 Quamobrem
1351 1726 1526 1807 muitum
1545 1721 1668 1811 uobis

594 1845 860 1933 tremendum
886 1903 899 1942 ,
931 1866 972 1927 et
991 1842 1121 1959 digno
1139 1866 1203 1929 est
1218 1842 1597 1956 ‘expavescendum
1619 1840 1669 1929 ti·

594 1993 715 2051 more
752 2021 765 2059 ,
810 1962 1035 2073 sedulaque
1070 1964 1394 2077 praecavendum
1428 1958 1671 2063 industrie,

594 2111 685 2170 non
705 2082 836 2167 solum
854 2109 902 2199 eu
919 2080 964 2164 in
982 2081 1170 2169 Ecclesia
1190 2109 1276 2165 non
1294 2108 1447 2196 agere,
1479 2106 1575 2191 quee
1595 2075 1669 2163 ali-

594 2201 755 2288 bisunt
774 2197 862 2285 fieri
883 2200 1130 2313 prohibitu,
1166 2200 1237 2285 sed
1255 2220 1300 2285 et
1315 2200 1385 2283 ina
1400 2224 1669 2311 summopere

594 2346 866 2435 praecavere,
885 2346 980 2430 quae
995 2317 1097 2402 alibi
1116 2317 1179 2431 agi
1198 2346 1284 2403 non
1306 2344 1403 2403 sunt
1421 2312 1665 2431 prohibitu.

593 2440 647 2527 Et
683 2436 851 2551 quidem
882 2435 1058 2523 maxime
1076 2425 1119 2521 iri
1139 2433 1355 2535 Ecclesia,
1388 2435 1462 2521 ubi
1480 2434 1669 2549 Corpus,

595 2586 639 2643 et
657 2555 832 2672 Sanguis
848 2553 1028 2640 Domini
1048 2580 1315 2642 consecratur
1334 2612 1350 2653 ,
1379 2552 1423 2640 ἃ
1442 2552 1673 2667 praesentio

594 2675 780 2766 creditur
814 2692 977 2787 semper
1011 2677 1153 2761 adesse
1169 2674 1357 2772 Divina,
1387 2672 1670 2791 Angelorum-

594 2812 678 2913 que
694 2792 961 2905 frequentia,
997 2796 1323 2905 praecavendum
1350 2820 1414 2879 est
1435 2788 1462 2890 ,’
1481 2818 1535 2877 ne
1563 2789 1670 2901 quid

591 2939 840 3029 perversum
861 2938 1026 3027 agamus
1045 2971 1060 3012 ,
1081 2916 1193 2998 unde
1212 2908 1365 2998 merito
1383 2906 1576 3031 flagellati
1590 2966 1606 3009 ,
1619 2934 1669 3001 ue

591 3034 644 3123 de
664 3030 806 3124 eudem
827 3026 924 3143 ejici
944 3032 1196 3123 debeamus.

1034 3269 1227 3356 CLIX.

974 3476 1049 3536 DE
1083 3473 1287 3536 cuucss

596 3393 610 3445 i

711 3623 829 3709 Crux
848 3624 961 3711 enim
978 3684 991 3722 ‚
1006 3625 1104 3714 licet
1126 3627 1176 3710 ab
1197 3621 1339 3744 impiis
1365 3616 1544 3708 Christo
1559 3617 1668 3704 factu

589 3741 672 3842 sit,
696 3771 888 3859 magnum
907 3766 1045 3829 tamen
1065 3743 1259 3832 continet
1277 3748 1320 3833 in
1342 3770 1387 3826 se
1406 3738 1670 3850 mysterium

592 3889 688 3972 quae
723 3862 885 3949 temetsi
908 3861 1016 3958 aliud
1038 3895 1124 3951 non
1144 3861 1430 3980 significaret,
1450 3862 1528 3945 hoc
1546 3884 1669 3971 prot·

595 4008 666 4066 sus
700 4011 891 4097 magnum
915 4007 978 4067 est
1008 3986 1167 4068 bonum
1198 4044 1211 4083 ,
1244 3986 1360 4098 quod
1389 3979 1446 4064 uit
1476 3976 1669 4088 Aposto-

588 4095 653 4182 lus
671 4099 743 4212 (α)
762 4130 773 4183 :
791 4099 876 4207 Qui
893 4122 1026 4186 autem
1051 4100 1198 4189 curisti
1213 4125 1342 4201 suno,
1372 4123 1529 4185 curnem
1543 4121 1669 4178 suum

588 4216 883 4328 crucifixerunt
916 4248 1008 4303 cum
1035 4222 1188 4319 vitiis,
1231 4244 1270 4309 et
1302 4209 1665 4330 concupiscentiis.

590 4331 674 4417 seu
695 4334 794 4417 illud
817 4353 931 4420 recte
951 4334 1187 4451 significate
1208 4331 1590 4454 intelligitut,quod
1608 4327 1672 4416 ait

589 4450 827 4563 Apostolus
859 4452 932 4570 (3)
967 4486 978 4539 s
1031 4461 1088 4544 Ut
1126 4460 1293 4573 possitis
1337 4451 1671 4566 eompmnenderu

591 4596 682 4670 cum
701 4571 883 4662 omnibus
898 4573 1077 4679 Sanctis,
1091 4607 1183 4694 qtue
1198 4578 1252 4667 sit
1269 4576 1471 4673 latitudo,
1486 4565 1672 4688 tongum

641 4841 837 4927 <1)Jerem·
853 4870 911 4917 ¹1·
929 4866 984 4934 15.
1159 4854 1212 4941 (3)
1229 4844 1352 4937 Ephes.
1369 4843 1445 4918 111.
1463 4839 1521 4914 18.

639 4937 948 5041 WQMuw
