4284 6125
797 1362 1256 1425 exerrent-ron
1466 1361 1575 1453 553.

502 1482 577 1569 per
613 1482 736 1568 quem
770 1458 894 1574 digne
913 1454 1202 1545 Antichristus
1229 1449 1457 1553 asseritur,
1488 1456 1562 1567 qui

500 1599 650 1662 contra
683 1573 811 1661 vitam
842 1575 1024 1662 fidelium
1044 1602 1153 1663 curn
1176 1600 1318 1660 morsu
1350 1571 1563 1686 pestiferae

497 1691 811 1805 praedicationis
840 1692 1064 1781 armabitur
1082 1690 1207 1778 etiam
1224 1689 1423 1778 cornibus
1442 1721 1567 1806 pote·

499 1809 637 1897 statis.
657 1811 765 1931 Quis
789 1836 925 1899 autent
944 1807 1339 1908 nesciat‚.sernitarn
1355 1810 1573 1925 angustio.

498 1956 588 2013 retn
604 1957 718 2028 esse,
736 1959 856 2043 quarn
877 1928 985 2016 viam
1004 1929 1113 2048 (r)‘l
1132 1927 1220 2021 fiat
1237 1954 1340 2043 ergo
1352 1928 1567 2029 coluber,

499 2046 595 2159 quia
611 2045 656 2134 in
676 2045 897 2162 praesentis
915 2048 1018 2135 vitae
1038 2046 1258 2151 latitudine
1291 2072 1364 2131 cos
1388 2046 1573 2161 ambula-⁸,

501 2193 548 2251 re
580 2190 829 2277 provocat,
873 2166 1026 2280 quibus
1062 2164 1179 2280 quasi
1211 2163 1426 2300 parcendo
1457 2165 1570 2250 blen-

501 2281 615 2369 ditur
637 2312 650 2384 ;
684 2281 815 2369 sedin
834 2282 1085 2374 viamordet
1104 2344 1119 2384 ,
1151 2311 1249 2397 quta
1280 2311 1386 2380 eos,
1416 2282 1567 2394 quibus

502 2398 739 2491 libertatern
761 2400 941 2504 tribuit,
973 2402 1215 2492 errorissui
1231 2429 1399 2505 veneno
1415 2427 1567 2515 consu.-

499 2542 586 2603 met
606 2583 615 2602 .
647 2519 712 2607 Fit
728 2518 881 2608 iterum
898 2545 1075 2611 cerastes
1091 2521 1137 2606 in
1155 2517 1302 2608 semita
1320 2579 1334 2618 ‚
1350 2517 1447 2632 quia
1463 2548 1567 2630 quos
1611 2570 1621 2585 ·

500 2634 641 2725 fideles
678 2640 872 2756 reperit,
902 2668 944 2725 et
961 2667 1051 2727 sese
1083 2638 1194 2725 inter
1212 2660 1382 2754 angusta
1412 2635 1569 2725 itinera

500 2755 705 2872 praecepti
741 2756 920 2847 caelestis
946 2757 1240 2871 constringere
1274 2757 1434 2856 videt,
1480 2782 1569 2842 nou

503 2875 635 2958 solurn
681 2874 872 2986 nequitia
905 2873 1064 2964 callidae
1110 2873 1394 2990 persuasionis
1436 2873 1570 2989 impe,-

463 3053 465 3061 ,
498 2988 553 3073 tit
579 2992 683 3109 (α),
714 3022 860 3080 verum
892 2992 1016 3081 etiam
1046 3023 1191 3084 errore
1219 2993 1440 3112 potestatis
1460 3022 1570 3106 prae·

501 3106 613 3208 mit,
644 3108 758 3196 etin
784 3113 1094 3224 persecutionis
1118 3144 1271 3231 angore
1312 3138 1409 3230 post
1442 3116 1568 3198 bene·

500 3224 593 3312 licia
627 3227 736 3317 fictae
765 3229 995 3318 dulcedinis
1014 3261 1185 3320 exercet
1213 3259 1372 3319 cornua
1388 3255 1573 3343 potesta·

498 3341 551 3427 tis
569 3405 579 3427 .
599 3346 647 3429 ln
668 3348 857 3434 hocloco
875 3378 1007 3462 equus
1024 3353 1134 3436 hunc
1153 3352 1351 3435 mundum
1369 3346 1571 3447 insinuat,

499 3464 612 3574 quod
631 3492 706 3579 per
733 3466 955 3553 clationem
982 3497 1095 3556 suarn
1120 3465 1165 3568 in
1186 3497 1309 3555 cursu
1341 3466 1572 3553 labentium

499 3587 738 3695 temporum
765 3608 929 3701 spumat
958 3618 969 3673 t
1000 3609 1044 3673 et
1064 3585 1161 3700 quia
1176 3584 1464 3673 Antichristus
1496 3613 1570 3672 ex·

498 3697 634 3787 'trema
662 3705 806 3791 mundi
832 3707 1146 3821 apprehendere
1175 3703 1360 3801 nititur,
1391 3713 1570 3790 cerastes

499 3815 593 3902 iste·
627 3820 725 3932 equi
758 3826 928 3940 ungulas
948 3827 1141 3912 mordere
1170 3821 1446 3937 perhibetur.
1481 3821 1573 3907 Un-

499 3937 632 4050 gulam
656 3938 814 4056 quippe
833 3942 929 4055 equi
949 3946 1421 4041 mordere,estextrenra
1443 3937 1573 4028 seculi

503 4053 698 4141 feriendo
733 4059 980 4178 contingere
1016 4119 1031 4163 ‚
1061 4067 1246 4149 attendat
1266 4089 1456 4148 ascensor
1482 4057 1573 4172 ejus

500 4195 643 4261 retro.
685 4176 902 4266 Ascensor
930 4203 1066 4267 autern
1104 4179 1200 4292 equi
1232 4203 1293 4266 est
1319 4177 1506 4292 quisquis
1526 4178 1573 4262 in

490 4292 776 4406 dignitatibus
808 4299 950 4386 mundi
984 4300 1202 4388 extollitur
1237 4330 1250 4400 3
1283 4301 1354 4412 qui
1375 4324 1572 4384 retroca-

504 4409 602 4493 dere
637 4411 825 4515 dicitur,
856 4440 901 4503 et
929 4448 1016 4508 nou
1051 4418 1098 4505 iu
1128 4416 1308 4515 facient,
1339 4413 1572 4500 sicotPau-

505 4609 538 4679 S.
553 4612 675 4685 Isidori
692 4616 923 4692 Commentin
938 4625 1009 4692 Ge·
1050 4632 1055 4641 '
1087 4633 1141 4714 (tr
1158 4624 1206 4696 lta
1220 4644 1260 4693 ex
1274 4621 1445 4694 &Isidoro
1457 4641 1571 4700 eruen-
1596 4551 1621 4600 t.

491 4729 572 4777 .nes.
586 4718 634 4778 De
648 4716 930 4787 benedictionibus
943 4725 1007 4787 Pa·
1059 4721 1214 4792 davimus
1232 4767 1242 4787 .
1257 4717 1349 4788 Cod.
1364 4722 1423 4791 oia
1438 4765 1450 4788 .
1543 4777 1550 4786 .

502 4804 722 5000 τενίἓινὲἰαόνκω
736 4836 811 4906 cap.
821 4838 928 4891 mr.
944 4837 1007 4908 pa·
1088 4825 1143 4912 (a)
1158 4818 1193 4886 S.
1208 4813 1288 4886 leid·
1303 4817 1461 4914 impedit.
