4284 6125
740 1393 1313 1459 uxrmcnrrot‘
1495 1379 1553 1494 69
1673 1473 1677 1483 ι

500 1488 589 1581 caeli
611 1553 622 1587 ‚
643 1481 739 1601 quin
760 1489 903 1576 Sancti
924 1489 1064 1576 dicere
1083 1506 1287 1604 possunt:
1306 1489 1462 1581 Nostro
1481 1499 1555 1612 (1)

426 1712 429 1717 Δ
494 1609 745 1701 conuersatio
761 1611 801 1694 in
818 1610 927 1697 calis
942 1638 1029 1696 err.
1068 1611 1197 1727 Quod
1217 1640 1302 1695 non
1323 1611 1368 1693 fit
1401 1613 1443 1696 in
1463 1617 1555 1702 aliis
1625 1696 1632 1707 ,

494 1728 708 1846 picturis,
741 1728 983 1843 significat,
1008 1731 1122 1843 quod
1159 1731 1275 1843 plebs
1303 1732 1456 1842 quaerit
1474 1726 1556 1819 ter·
1702 1726 1703 1736 Ν

492 1878 627 1934 rena.
662 1847 742 1933 Vel
764 1850 856 1934 sic:
889 1867 985 1934 ante
1018 1872 1200 1933 mortem
1219 1848 1382 1934 Christi
1408 1881 1555 1943 ornnes

495 1964 630 2066 boni,
651 1990 693 2051 et
710 1967 804 2052 maii
831 1969 1141 2054 descendebant
1158 1969 1205 2052 ad
1224 1966 1435 2053 infernum
1453 1973 1555 2087 (2),

486 2084 640 2200 ibique
669 2083 771 2195 justi
799 2086 949 2171 nuliam
975 2114 1174 2173 coronam
1193 2087 1403 2172 habebant
1421 2147 1434 2187 ,
1455 2091 1555 2199 quia

495 2233 581 2290 non
602 2205 805 2291 videbant
825 2207 958 2292 lucern
977 2234 1117 2290 veram
1130 2238 1244 2321 ‚quae
1260 2205 1334 2321 (3)
1349 2207 1556 2296 illuminat

492 2355 649 2411 ornnem
667 2325 861 2411 bominem
880 2329 1098 2412 venientem
1131 2326 1170 2408 in
1198 2329 1515 2413 annemundum
1536 2359 1553 2431 ;

493 2445 608 2528 unde
627 2441 710 2556 ipsi
733 2473 816 2529 non
837 2443 1067 2562 pinguntur
1102 2473 1195 2531 curu
1231 2445 1404 2531 coronis
1423 2444 1466 2530 in
1486 2477 1554 2535 ca-

494 2561 615 2676 pite,
640 2563 710 2647 sed
735 2587 958 2678 postquam
973 2559 1189 2650 Dominus
1223 2561 1365 2673 januas
1392 2563 1550 2650 inferni

495 2679 703 2797 confregit
723 2744 738 2781 ‚
765 2681 984 2791 &januam
1003 2681 1184 2769 Paradiai
1202 2682 1396 2795 aperuit,
1420 2683 1550 2770 infer·

482 2829 593 2886 ‘nurn
609 2799 865 2917 expoliavit,
883 2826 924 2886 et
944 2802 1101 2889 electos
1121 2830 1217 2887 suos
1236 2803 1334 2888 inde
1354 2802 1549 2903 retraxit,

492 2916 535 3004 ἃ
555 2919 597 3006 in
616 2922 764 3008 caelnrn
784 2945 1011 3010 coronatos
1030 2919 1216 3009 locavit.
1243 2926 1343 3009 Post
1362 2945 1549 3009 mortem

491 3037 773 3128 veroChristi
801 3041 1055 3155 quicumque
1082 3039 1184 3129 boni
1218 3046 1268 3126 ab
1289 3042 1368 3127 hoc
1389 3042 1546 3126 saecuto
1608 3057 1610 3061 ’

490 3158 813 3273 migraverunt,
841 3191 935 3268 curn
952 3161 1124 3248 coronis
1148 3159 1319 3245 incaelo
1349 3155 1546 3245 coronati

491 3301 588 3361 sunt
606 3311 631 3379 3·
647 3280 758 3365 unde
776 3276 858 3391 ipsi
882 3307 977 3364 curu
996 3276 1170 3364 coronis
1190 3272 1476 3390 depinguntur
1499 3340 1512 3359 .

486 3632 567 3679 rum
595 3606 825 3695 statuarum,
871 3612 993 3703 quibus
1044 3626 1139 3687 extra
1167 3610 1331 3683 caelestem
1360 3609 1543 3683 beatitudi·
1599 3661 1602 3666 >

483 3707 661 3799 Opificum
689 3709 803 3783 studio
829 3710 992 3781 addeban-
1039 3735 1117 3782 nem
1131 3708 1320 3781 constitutae
1334 3708 1540 3793 detinentur,

483 3822 541 3876 tur
570 3804 693 3879 lunulae
722 3857 733 3891 ,
770 3832 828 3881 seu
856 3807 988 3898 patellae
1038 3826 1096 3880 aut
1109 3805 1346 3879 detinebantur
1371 3856 1382 3877 .
1409 3808 1458 3879 Ex
1486 3807 1538 3879 hit

481 3925 584 3995 supra
598 3906 709 3997 capita
726 3908 768 3977 ad
786 3905 900 3977 avium
920 3929 989 3976 sor·
1036 3905 1148 3986 illud,
1176 3904 1208 3974 iu
1227 3927 1297 3996 quo
1313 3903 1429 3973 animae
1460 3904 1539 3974 Sau-

480 4002 564 4083 des,
591 4019 626 4072 et
641 4022 792 4076 stercora
807 4026 985 4077 removen-
1034 4022 1167 4075 crorum
1184 4017 1260 4072 ante
1274 4000 1406 4072 Christi
1417 4000 1538 4072 Domi·

479 4102 547 4170 da.
1033 4101 1066 4172 ui
1078 4103 1256 4171 adventum
1266 4098 1535 4190 excipiebantur,

505 4206 558 4291 (1)
574 4200 857 4294 Philippensntl.
875 4226 933 4272 20.
1031 4197 1166 4271 Limbus
1179 4198 1316 4268 Parrum
1332 4195 1468 4274 dicitur.
1479 4196 1534 4265 Vi·

502 4303 558 4384 (ι)
578 4299 704 4371 Inferni
734 4299 904 4374 vocabulo
931 4301 984 4371 ab·
1031 4299 1074 4368 de
1103 4293 1313 4367 Catcchisnr.
1349 4293 1453 4362 Rom.
1486 4293 1529 4366 de

479 4392 550 4462 dita
566 4395 622 4466 illa
640 4396 852 4492 receptacula
880 4397 980 4493 signi·
1027 4420 1062 4466 v.
1080 4391 1234 4490 Symboli
1252 4390 1396 4463 articulo
1413 4395 1481 4482 Μ.

476 4490 644 4579 ficantur,
670 4496 705 4569 in
722 4497 846 4591 quibus
860 4496 977 4570 animae
1051 4498 1105 4586 (3)
1131 4493 1228 4580 10²⁸·
1242 4489 1269 4560 1·
1282 4513 1320 4581 9·

455 4719 474 4816 νζ

1159 4954 1254 5071 Es
