4284 6125
843 1379 1293 1451 extenuarant
1337 1394 1378 1409 ··
1519 1382 1616 1478 307·

537 1483 651 1604 gitur
665 1512 690 1586 ·;
706 1479 874 1595 requies
893 1481 1121 1570 animatum
1152 1479 1332 1594 septima
1349 1497 1475 1566 aetate
1497 1509 1611 1565 com·

535 1626 738 1720 putatur.
773 1606 850 1688 Pet
876 1629 1068 1689 octavum
1092 1659 1109 1699 ,
1137 1629 1217 1712 qua
1234 1625 1373 1685 vestes
1391 1601 1612 1710 deponun-

535 1749 606 1810 tur
626 1783 640 1820 ,
660 1751 834 1837 regnum
853 1722 957 1822 Dei,
974 1721 1019 1806 in
1036 1747 1121 1833 quo
1142 1719 1353 1815 charitat,
1385 1743 1616 1828 ceteraque

537 1846 652 1931 bona
681 1842 921 1931 consistunt
950 1900 964 1940 ,
995 1838 1236 1956 designatur
1267 1868 1284 1940 3
1315 1840 1355 1924 dt
1385 1841 1503 1922 beata
1534 1837 1614 1920 iur-

538 1959 792 2049 mortalitate
821 1957 1058 2045 uestientur
1077 2023 1088 2044 .
1122 1960 1200 2042 Per
1218 1957 1338 2067 huius
1357 1954 1515 2042 sabbati
1537 2016 1551 2054 ‚
1569 1984 1617 2043 et

534 2083 806 2168 Pentecosten
838 2079 1047 2191 Alleluia,
1072 2079 1183 2191 quod
1207 2077 1400 2190 sequitur
1415 2076 1613 2176 Tractus,·

536 2196 677 2311 prima
692 2198 815 2296 vita,
844 2227 939 2310 quae
970 2196 1049 2284 luit
1079 2223 1238 2282 aeterna
1258 2256 1273 2294 ,
1297 2199 1375 2282 aed
1414 2197 1526 2309 lapsa
1545 2222 1614 2282 ert

533 2318 583 2403 in
609 2345 838 2404 oetumnam
857 2317 1157 2436 ‚designatur.
1192 2320 1270 2400 Pet
1294 2314 1474 2427 Alleluja
1496 2313 1613 2399 enim

534 2436 704 2549 gloria,
735 2464 810 2548 per
825 2435 1024 2525 Tractum
1045 2435 1288 2521 lamentatio
1310 2435 1573 2550 significatur
1596 2495 1607 2518 .

534 2557 617 2639 Per
633 2553 836 2640 Graduale
863 2555 1074 2674 enim(1)¹
1099 2614 1113 2654 ,
1140 2556 1258 2665 quod
1273 2553 1456 2666 Alleluju
1477 2552 1613 2665 sequi·

537 2694 623 2769 tur,
639 2696 798 2788 septem
815 2699 962 2763 aetates
990 2672 1133 2759 mundi
1160 2672 1279 2781 hujus
1307 2674 1575 2790 designantur
1595 2718 1612 2770 ς

535 2788 582 2874 in
612 2793 896 2905 quibuahona
923 2795 1179 2909 operando,
1210 2795 1259 2876 ad
1290 2817 1491 2878 aeternam
1521 2791 1613 2907 gtoa

536 2909 639 2995 riam
665 2913 942 3026 pervenitur.
975 2917 1054 2998 Per
1073 2938 1270 2999 octavum
1291 2916 1544 3010 sabbatum,
1564 2909 1611 2995 in

536 3056 624 3139 quo
653 3033 738 3117 duo
764 3031 946 3147 Alleluja
973 3051 1233 3132 cantantur,
1262 3031 1415 3146 quibus
1454 3033 1611 3144 duplex

538 3150 766 3259 corporis,
796 3150 1008 3239 &animae
1042 3152 1282 3268 designatur
1300 3152 1432 3269 gloria
1452 3211 1464 3249 ,
1498 3174 1612 3234 octa·-

542 3293 594 3348 va
627 3267 877 3378 exprimitur
906 3269 1158 3371 beatitudo,
1187 3302 1286 3384 -quae
1317 3273 1473 3383 absque
1505 3297 1613 3355 mou·¹

539 3408 638 3467 rore
667 3411 826 3472 aeterna
844 3391 1147 3509 permanebit(
1177 3391 1223 3507 ).

659 3504 909 3619 Baptismurn
943 3538 1120 3623 graece,
1152 3509 1280 3597 latine
1305 3509 1446 3595 tinctio
1480 3504 1612 3592 inter·

538 3642 731 3735 pretatur
749 3654 765 3726 ,ς
798 3624 961 3714 idcirco
975 3629 1115 3715 tinctio
1132 3630 1313 3728 dicitur,
1345 3629 1442 3742 quia
1458 3625 1517 3712 ibi
1540 3630 1612 3712 ho·

537 3739 674 3824 moin
694 3743 838 3831 melius
858 3747 1131 3847 immutatur,
1157 3748 1196 3834 dt
1219 3751 1343 3865 longe
1362 3749 1472 3833 aliud
1487 3776 1613 3859 quam

538 3883 662 3991 etat3
688 3860 908 3969 efficitur3
941 3867 1059 3981 prius
1094 3867 1206 3953 enim
1232 3869 1335 3958 foedi
1352 3897 1517 3955 eramus
1536 3868 1610 3949 d'e-

534 3974 751 4109 formitate
770 4012 1038 4097 peccatorum
1060 4017 1075 4088 ;
1105 3986 1150 4070 in
1180 3986 1269 4099 ipsa
1289 3986 1500 4075 tinctione
1517 3988 1611 4068 red·

536 4099 673 4182 dtmur
709 4104 873 4215 pulchri
901 4104 1167 4191 dealbatione
1201 4105 1448 4191 virtutum'.
1482 4106 1611 4187 Unde

474 4313 476 4317 Ι
536 4212 579 4296 ἃ
596 4212 641 4298 in
667 4218 857 4309 Canticis
874 4223 1151 4309 Canticoturn
1169 4224 1366 4309 scribitur
1385 4228 1457 4341 (3)
1479 4255 1489 4306 τ
1506 4224 1619 4330 Quae'

534 4354 602 4415 ert
617 4334 694 4483 ispa
716 4346 1031 4457 ,quaeuscendit
1045 4342 1276 4429 dealbato?
1309 4344 1441 4450 Cujus
1464 4370 1616 4451 myste-

1259 4463 1359 4549 Va

564 4658 616 4742 (Ι)
633 4657 735 4732 Forte
754 4680 885 4737 autem.
1121 4674 1174 4759 (3)
1193 4669 1315 4739 Canta
1328 4669 1375 4737 tl.
1394 4673 1426 4735 6.
1458 4672 1541 4754 Qu
1565 4679 1612 4733 est

563 4759 616 4838 (²)
638 4759 723 4827 Hinc
748 4764 869 4832 dicitur
893 4766 993 4835 etiarn
1009 4766 1042 4834 in
1094 4768 1178 4849 ista,
1194 4790 1262 4863 qua
1278 4766 1424 4835 ascendit
1436 4781 1497 4859 per
1511 4766 1611 4829 deser·

534 4847 588 4959 bis
608 4852 783 4928 Sublatis.
812 4860 865 4931 lta
890 4861 925 4933 in
955 4887 1043 4935 tutr-
1092 4880 1189 4946 tum,
1208 4866 1290 4933 sicut
1309 4860 1448 4953 virgula
1459 4861 1567 4945 firmi?
1595 4909 1601 4920 .

534 4969 612 5038 gtne
630 4999 640 5019 .
