4284 6125
552 1308 637 1425 l⁶
798 1320 1087 1387 utvmotaust
1090 1322 1379 1390 ammonuit

555 1428 626 1513 nis
676 1418 826 1508 animae
852 1417 1211 1534 providentibus,
1243 1441 1291 1507 ut
1322 1417 1446 1508 oculi
1464 1450 1620 1540 eorpo-

553 1548 629 1646 ri3
648 1561 748 1626 ante
769 1601 783 1639 ,
804 1544 879 1626 hoc
898 1563 988 1638 est,
1007 1537 1105 1652 quia
1120 1539 1348 1654 Evangelia
1366 1543 1518 1629 habent
1539 1573 1619 1645 ea,

559 1695 656 1777 quae
673 1659 812 1747 futura
831 1682 956 1745 sunt:
978 1657 1098 1744 Sicut
1115 1657 1213 1744 illud
1232 1660 1528 1778 Evangelii,q
1533 1666 1619 1749 uod

558 1776 752 1871 dicetur
741 1807 784 1876 tn
804 1781 870 1864 die
889 1776 1099 1893 judicii(1
1106 1777 1152 1891 )=
1177 1779 1319 1870 Venite
1334 1780 1527 1870 benedicti
1543 1785 1620 1868 Pa·

556 1903 628 1991 tris
644 1900 753 1987 mei:
785 1900 837 1985 Et
859 1900 1127 2008 habent,quae
1145 1921 1260 1985 retro
1279 1925 1403 1999 sunt,
1436 1902 1516 1990 hoc
1539 1923 1619 1998 est,

555 2018 775 2136 praeterita
808 2074 821 2116 ,
853 2040 899 2101 ut
932 2013 1188 2117 Nativitas,
1228 2042 1269 2106 et
1303 2016 1489 2104 Passio.
1534 2019 1617 2107 Vel

554 2139 757 2252 qnoniam
780 2133 997 2251 praeterita
1017 2134 1246 2237 recolunt,
1277 2159 1318 2224 et
1345 2166 1441 2252 quae
1474 2136 1618 2227 futura

535 2284 686 2357 sunt,
705 2254 983 2343 denuntiant.

535 2669 541 2680 .
609 2585 669 2643 DE
698 2581 876 2643 ANGELO
911 2583 1011 2644 CUM
1046 2579 1221 2644 DUABUS
1237 2578 1333 2641 nus
1364 2579 1557 2643 Dflatcuo

666 2735 854 2852 Angelus
873 2766 967 2824 cum
988 2736 1147 2822 duabus
1179 2731 1252 2821 alis
1267 2729 1520 2847 depictus
1487 2729 1618 2848 srgni·

558 2855 653 2943 ficar
681 2853 886 2971 geminam
902 2852 1021 2952 Dei,
1054 2874 1097 2937 et
1115 2850 1299 2965 proxima
1287 2850 1615 2952 dilectionem,

550 2972 702 3088 quibus
723 2973 889 3059 volatur
915 2976 964 3061 ad
983 2969 1132 3058 caelum
1162 3030 1176 3072 ,
1208 2994 1313 3059 teste
1355 2969 1614 3114 Augustino,

547 3099 629 3185 hoc
648 3094 816 3181 dicente
836 3095 941 3211 (u):
974 3092 1059 3204 Qui
1073 3114 1186 3180 caret
1215 3092 1276 3180 lris
1309 3094 1473 3207 geminis
1504 3092 1616 3191 olis,

547 3224 634 3306 'non
650 3217 894 3313 lrabet,unde
910 3217 1015 3303 uolet
1033 3220 1090 3301 od
1105 3244 1272 3331 regnum
1294 3218 1509 3303 caelornm.
1533 3211 1616 3298 Vel

543 3341 638 3427 duae
668 3335 859 3535 alaeisunt
878 3343 962 3428 duo
978 3337 1274 3439 Testamenta,
1306 3337 1458 3451 quibus
1476 3332 1615 3421 Eccle-

547 3485 607 3545 sta
625 3478 686 3543 est
721 3476 830 3546 uta.

976 3576 1010 3659 L
1030 3576 1072 3659 V
1090 3577 1159 3655 11.

550 3721 642 3866 ἶ
651 3773 711 3833 un
741 3757 918 3839 ausano
950 3808 966 3849 ,
996 3774 1076 3851 our
1107 3769 1254 3828 runnu
1286 3769 1498 3833 ausurum

652 3928 859 4041 Angelus,
883 3952 955 4039 qut
943 3917 1230 4023 describitur
1249 3916 1405 4007 liabens
1424 3917 1604 4039 gladium

540 4043 780 4129 versatilem
807 4045 880 4159 (3)
897 4064 991 4126 ante
1009 4039 1172 4174 januam
1192 4039 1373 4127 Paradisi
1396 4041 1604 4175 significat
1672 4100 1674 4105 ·

541 4163 815 4275 temporalem
829 4188 1033 4271 poenam
1059 4158 1155 4271 quia
1189 4160 1300 4244 ad
1257 4164 1431 4275 patriam
1461 4158 1599 4249 redire

533 4305 622 4360 non
643 4304 881 4389 possumus,
899 4274 978 4364 nisi
1004 4306 1080 4392 per
1098 4307 1270 4393 poenam
1291 4284 1594 4394 temporalem

512 4395 633 4484 Vel
647 4398 802 4482 habens
831 4399 1089 4511 romphaeam
1131 4422 1339 4499 acutam,
1374 4402 1477 4487 hoc
1501 4421 1599 4499 est,

532 4512 638 4605 vitia
654 4536 865 4636 secantem
884 4548 940 4606 ex
956 4546 1133 4632 utraque
1151 4544 1300 4639 parte,
1313 4461 1391 4609 lioc
1416 4507 1496 4620 e'st,
1519 4541 1601 4606 tam

560 4799 614 4882 (1)
630 4796 721 4869 lbid.
739 4820 813 4868 ver.
832 4818 892 4894 34.
1032 4779 1088 4899 (ς’)
1115 4798 1203 4874 vide
1218 4818 1358 4899 P²g·37·
1383 4813 1454 4873 not·
1469 4820 1503 4867 2·

554 4898 609 4988 (3)
624 4898 737 4975 Geues
752 4897 829 4997 tal.
848 4920 923 4997 24,
1301 4939 1304 4946 ,
1528 4954 1530 4958 y
