4284 6125
971 856 1406 924 nxrnrcnr10;

650 962 735 1047 zati
752 955 875 1044 sint?
906 958 1165 1073 Respondeo
1187 1015 1201 1059 ,
1232 956 1328 1071 quia
1354 954 1399 1042 in
1415 948 1602 1042 Ecclesia

651 1246 679 1283 „
696 1220 773 1269 nem
798 1216 987 1291 regressum
1013 1198 1054 1269 ad
1081 1218 1159 1292 gra-
1205 1216 1290 1280 „ne
1317 1191 1454 1265 illontm
1469 1194 1631 1264 decretor,

651 1342 680 1380 „
696 1292 776 1365 tiam
803 1314 866 1387 per
878 1316 918 1365 ea
932 1291 1156 1381 Sacramenta
1204 1292 1334 1377 „idem
1352 1287 1598 1382 emplastrum,
1618 1314 1638 1382 q

651 1438 680 1476 „
695 1390 858 1463 affirmant
883 1389 931 1461 ibi
959 1391 1158 1486 S.Chrys·,
1207 1386 1397 1473 „decretis
1415 1387 1643 1480 praedictisad

652 1505 733 1572 „et
751 1486 958 1559 Theodoret.
987 1487 1026 1559 In
1045 1486 1159 1561 multis
1207 1535 1234 1571 „
1250 1486 1362 1557 vimus
1377 1531 1388 1566 ,
1402 1483 1468 1555 erit
1480 1483 1538 1576 qui
1551 1508 1648 1558 cense

651 1601 804 1668 „tamen
840 1584 987 1678 antiquis
1013 1585 1158 1657 decretis
1206 1630 1231 1666 „
1246 1606 1282 1655 se
1308 1582 1398 1654 circa
1428 1582 1494 1651 hoc
1523 1604 1619 1674 posse
1647 1584 1655 1653 i

651 1728 680 1764 ‚,
697 1679 936 1776 repetitionem
968 1682 1160 1754 Confirma·
1206 1726 1231 1764 „
1248 1701 1322 1773 quae
1337 1680 1369 1750 in
1383 1680 1536 1750 Auctore
1554 1681 1661 1750 morbc

653 1826 679 1860 „
694 1777 794 1850 tionis
821 1777 1027 1871 approbari,
1058 1795 1158 1872 atque
1207 1823 1232 1860 „
1246 1776 1470 1856 videbantur,
1486 1777 1636 1848 mederi.
1660 1787 1667 1847 ι

653 1922 680 1958 ,,
694 1877 780 1947 adeo
795 1874 829 1944 in
843 1891 914 1946 tota
926 1874 1034 1946 veteri
1048 1875 1160 1948 Eccle·
1207 1921 1232 1956 „
1247 1890 1304 1945 cut
1331 1872 1433 1945 ctiam
1458 1872 1604 1945 Thomas
1631 1876 1673 1946 Va

652 1971 744 2053 „sia
772 1971 1078 2045 Confirmationem
1116 1975 1157 2045 ab
1206 2017 1231 2053 „
1246 1968 1355 2042 densis
1381 1970 1680 2065 Tum-rloeapma

651 2066 862 2149 „haereticis
887 2068 1062 2164 Episcopis
1090 2069 1159 2143 eol·
1206 2113 1231 2151 ,‚
1247 2070 1309 2139 hac
1326 2066 1398 2159 ipsa
1413 2067 1542 2139 ratione
1568 2071 1686 2143 medici

650 2211 677 2246 „
697 2164 814 2248 latam,
827 2165 930 2239 fuisse
942 2166 1094 2239 iteratam
1108 2167 1160 2238 di·
1207 2210 1232 2249 „
1248 2187 1322 2236 nam
1337 2164 1419 2235 fecit
1433 2160 1512 2234 ioco
1524 2165 1573 2235 D.
1586 2168 1690 2262 Augu

649 2308 676 2343 ,‚
694 2261 745 2334 xit
763 2262 978 2336 Maidonatus
1003 2263 1036 2334 in
1053 2286 1158 2360 opere
1206 2308 1232 2344 „
1244 2261 1323 2333 stini
1335 2309 1347 2343 ,
1361 2284 1404 2332 ex
1417 2260 1565 2353 lib.3.de
1577 2265 1698 2358 Baptin

649 2363 876 2452 „posthumo
919 2363 961 2433 de
1005 2362 1154 2435 Sacram.
1204 2405 1230 2441 2,
1243 2364 1336 2431 c016.
1352 2406 1364 2440 ‚
1380 2382 1448 2453 quo
1461 2384 1575 2432 manns
1594 2361 1703 2453 impo-

649 2457 791 2549 „Disp
814 2460 857 2529 de
883 2459 1051 2531 Confirm.
1079 2484 1153 2554 q.2.
1202 2501 1227 2537 2,
1244 2456 1400 2529 sitionem
1427 2482 1493 2533 non
1521 2481 1592 2528 esse
1616 2460 1705 2531 sicut

649 2598 675 2633 ,‚
691 2552 797 2643 Quod
810 2554 839 2625 si
850 2578 969 2628 verum
984 2573 1082 2638 esset,
1095 2580 1154 2628 ve·
1200 2554 1450 2646 „Baptismum
1482 2606 1493 2640 ‚
1533 2574 1567 2628 er
1595 2556 1705 2649 repeti

650 2693 676 2728 ,‚
691 2649 775 2721 niale
790 2652 946 2745 profecto
961 2652 1077 2727 haberi
1094 2654 1154 2725 de·
1199 2694 1225 2735 ‚,
1240 2674 1339 2745 posse
1355 2651 1481 2724 diserte
1495 2651 1636 2733 asserit,
1656 2652 1705 2723 io·

648 2791 675 2825 „
694 2748 787 2818 beret
801 2748 985 2831 Auctori,
1021 2772 1149 2823 errasse
1196 2796 1221 2832 ,‚
1237 2748 1393 2843 telligens
1422 2774 1536 2822 manus
1565 2749 1703 2841 imposi-

647 2888 674 2922 ,‚
691 2866 770 2915 cum
783 2860 850 2915 tam
865 2843 979 2917 multis
992 2894 1003 2915 .
1014 2846 1093 2918 Hoc
1107 2863 1151 2919 ta·
1196 2891 1224 2929 „
1243 2846 1371 2918 tionem
1387 2846 1420 2917 in
1432 2849 1580 2921 Sacram·
1592 2846 1703 2922 Perni-

645 2983 672 3018 ‚‚
690 2962 766 3012 men
783 2964 902 3013 censeo
920 2942 1149 3025 rejiciendum,
1195 2989 1222 3026 „
1241 2943 1353 3015 rentiae
1378 2944 1561 3018 adhibitam
1586 2990 1599 3013 ι
1625 2947 1702 3019 Huc

643 3082 671 3117 ,‚
692 3060 734 3109 ne
765 3036 829 3109 toti
857 3038 964 3112 veteri
993 3036 1164 3131 Ecclesiae¹
1196 3040 1309 3135 „ipsa
1340 3065 1446 3135 porro
1484 3042 1703 3138 responsione

642 3134 809 3213 „fredum
828 3135 922 3209 illum
937 3160 1088 3212 errorem
1099 3139 1147 3211 af·
1194 3186 1219 3223 ,‚
1237 3140 1405 3224 admista,
1422 3158 1597 3214 evanescet
1613 3141 1700 3218 illud

642 3275 668 3309 ,ι
684 3232 860 3318 ficiamns3
885 3251 920 3306 et
931 3258 969 3308 ea
985 3237 1143 3319 decreta,
1194 3283 1219 3318 ,‚
1233 3259 1369 3331 qnoque
1384 3239 1417 3312 in
1433 3244 1584 3313 Auctore
1600 3261 1699 3313 nota·

639 3353 754 3421 „quae
769 3331 943 3406 hereticos
972 3335 1146 3406 revenien·
1192 3381 1218 3417 „
1234 3352 1333 3415 tum,
1361 3334 1699 3431 quodvellevidere-

639 3467 667 3504 2,
683 3445 731 3498 tes
743 3427 816 3501 sola
829 3453 985 3531 manuum
1003 3431 1145 3525 imposi-
1192 3478 1218 3516 „
1234 3451 1302 3514 tur,
1313 3433 1380 3514 iam
1395 3451 1528 3506 renatos
1542 3435 1697 3527 accipere

640 3525 773 3599 „tione
799 3527 1065 3602 reconciliandos
1091 3529 1143 3601 di·
1191 3530 1372 3623 „gratiam
1390 3531 1597 3603 remissivam
1617 3556 1698 3624 pec*

640 3659 667 3696 n
681 3623 1141 3719 cunt,accipiodemanuum
1189 3644 1380 3710 „catorum
1420 3632 1546 3721 absque
1577 3631 1699 3701 Sacra·

640 3757 666 3795 n
680 3718 896 3812 impositione
914 3722 1139 3795 reconciliati·
1189 3742 1343 3810 „mento
1371 3723 1605 3807 Poenitentiae,
1635 3748 1697 3818 per

639 3855 667 3895 ι,
680 3839 746 3898 va,
759 3839 834 3912 quae
849 3819 886 3890 fit
899 3819 933 3892 in
947 3820 1142 3893 Sacramen-
1186 3867 1214 3906 „
1232 3820 1337 3893 solam
1357 3821 1660 3894 Confirmationem
1682 3872 1699 3894 .

636 3950 665 3990 ι,
681 3913 1144 3998 toi’oenitentiae,conferen·
1191 3965 1218 4002 „
1232 3919 1316 3990 Haec
1344 3917 1432 3989 enim
1458 3918 1699 4003 obiectioeva·

633 4046 664 4086 a,
682 4010 727 4079 do
740 4010 1010 4086 absolutionem.
1031 4015 1142 4097 Unde,
1191 4061 1216 4099 ‚‚
1233 4031 1409 4095 necteret,
1426 4012 1453 4085 si
1467 4016 1557 4105 apud
1569 4018 1698 4086 Aucto·

636 4141 664 4182 ι,
680 4103 759 4197 quia
781 4109 916 4184 Auctor
943 4110 1140 4184 sententiam
1189 4134 1303 4196 „rem
1318 4133 1433 4180 manns
1455 4108 1632 4203 impositio
1641 4111 1700 4181 de·

636 4238 664 4279 η
679 4223 770 4276 auam
801 4207 844 4278 de
873 4207 1025 4280 iteranda
1067 4231 1141 4279 ma·
1189 4255 1214 4294 „
1232 4207 1423 4300 signaretur
1442 4208 1698 4278 Sacramentum

636 4333 663 4375 ιι
678 4320 779 4374 nuum
814 4302 1032 4399 impositione
1069 4303 1140 4376 ful-
1188 4352 1214 4389 „
1228 4299 1461 4381 Paenitentia,
1475 4299 1697 4373 nonConfir·

636 4395 819 4488 ⁹⁶5th
830 4400 1141 4506 diffussamgatio-
1185 4395 1705 4510 „suasionisalamquodabqa
