4284 6125
2014 1188 2020 1195 ρ

1544 1443 2533 1511 Exen1ca‘r10.·-
2845 1425 3022 1536 489

925 1542 1354 1682 accep-it·
1329 1596 1358 1645 ,-
1454 1537 1946 1631 fratricida
1927 1540 2230 1654 impius
2298 1562 2643 1628 aeternae
2709 1541 3044 1625 maledi-

923 1663 1244 1760 ctionis
1308 1691 1615 1794 poenas⁰
1671 1661 1883 1746 luit.
1956 1659 2495 1791 Quicumque
2564 1659 2686 1751 bis
2742 1663 3046 1750 auditis

921 1806 1317 1871 metuunt
1369 1778 1877 1894 cumimpiis
1929 1776 2309 1867 damnari
2338 1835 2365 1874 ,
2432 1776 2867 1915 cupientes
2906 1786 3052 1868 be-

925 1898 1216 1989 nedici
1276 1929 1463 1988 cum
1534 1898 1694 2013 piis
1765 1896 2140 1982 omnium
2195 1895 2585 1983 odiorum
2621 1954 2650 1996 ,
2709 1922 2791 1982 et
2827 1898 3051 1988 invi·

925 2019 1095 2107 diae
1132 2017 1505 2104 fomitem
1556 2015 1958 2150 abjiciunt
2001 2073 2064 2114 ,
2102 2016 2293 2098 Deo
2353 2016 2679 2128 placere
2719 2045 2865 2128 per
2913 2019 3053 2107 Sa-

930 2136 1341 2226 crificium
1409 2133 1826 2266 justitiae,
1890 2130 2391 2233 modestiae,
2471 2133 3055 2271 innocentiae,

931 2284 1030 2342 ac
1106 2254 1543 2368 patientiae
1605 2276 1958 2353 curant,
2031 2280 2172 2337 vas
2260 2252 2593 2364 plenum
2658 2281 2897 2365 aquae
2960 2256 3051 2343 in

933 2375 1375 2488 Scriptura
1413 2370 1928 2471 inveniunt-3
1992 2373 2217 2456 unde
2254 2369 2693 2459 salubriter
2733 2368 2987 2458 abluti
3026 2433 3057 2473 ,

935 2491 1387 2607 potatique
1427 2491 1881 2607 gaudeant.
1922 2487 2088 2574 Sed
2122 2489 2189 2574 si
2229 2486 2830 2588 intellexerint,
2837 2488 3052 2576 Cain

935 2609 1440 2697 homicidam
1492 2610 1977 2718 judaeorum
2017 2636 2194 2694 esse
2252 2605 2774 2718 perfidiam·
2750 2672 2779 2710 ,
2842 2607 3060 2697 occi·

935 2728 1268 2822 sionem
1316 2729 1535 2813 Abel
1571 2725 2047 2813 Passionem
2088 2753 2266 2811 esse
2307 2724 2655 2813 Domini
2688 2725 3064 2817 Salvato-

937 2849 1117 2936 ris·
1096 2912 1121 2950 ,
1194 2872 1493 2934 terram
1517 2902 1563 2978 .’
1626 2873 1817 2957 quae
1873 2840 2209 2956 aperuit
2262 2870 2357 2927 os
2422 2873 2730 2946 suum,
2798 2871 2887 2935 et
2929 2880 3063 2936 su.

933 2968 1204 3100 scepit
1258 2960 1736 3082 sanguinem
1771 2958 1945 3069 ejus
2011 2961 2115 3045 de
2174 2991 2415 3047 manu
2457 2961 2734 3062 Cain,
2771 2966 3058 3057 Eccle-

935 3085 1140 3172 siam
1207 3111 1384 3170 esse
1447 3142 1475 3183 ,
1574 3109 1764 3193 quae
1830 3078 2176 3165 effusum
2243 3110 2287 3166 a
2352 3082 2663 3191 Judaeis
2730 3086 3055 3176 Christi

941 3200 1489 3333 Sanguinem
1514 3196 1603 3284 in
1689 3197 2173 3309 mysterium
2242 3228 2413 3286 suae
2479 3204 3058 3294 renovationis

939 3320 1339 3433 accepit3
1404 3317 1802 3404 nimirum
1869 3346 2156 3427 aquam
2196 3315 2281 3402 in
2324 3317 2612 3406 vinum
2670 3345 3061 3410 mutatam

941 3438 1379 3553 recipiunt,
1420 3497 1448 3537 ,
1519 3433 1708 3549 qnia
1778 3463 2033 3522 sacrae
2093 3434 2317 3523 dicta
2387 3436 2587 3557 legis
2651 3440 3063 3553 mystica,

941 3585 1333 3674 sacraque
1372 3557 1905 3679 intelligunt.

1664 3791 1745 3881 C
1781 3791 1857 3881 C
1900 3790 1968 3879 L
2002 3789 2071 3877 X
2111 3788 2193 3875 X
2239 3789 2356 3879 V.

1481 3997 1642 4062 ,ms
1695 3912 2485 4060 secuunavumnm

1120 4148 1503 4237 Secunda
1575 4174 1823 4239 aetate
1887 4147 2148 4246 seculi
2219 4148 2676 4242 inchoante
2742 4152 3064 4246 deletur

933 4268 1171 4379 aquis
1207 4266 1502 4356 diluvii
1577 4270 2111 4388 mundus(1)
2164 4271 2279 4355 ob
2336 4293 2869 4384 peccatorum
2906 4301 3069 4360 ma·

937 4385 1464 4498 gnitudinem
1520 4449 1549 4487 ,
1634 4393 1778 4476 sed
1863 4392 2090 4476 solus
2162 4388 2360 4476 Noe
2414 4414 2764 4504 propter
2832 4389 3071 4497 justi-

935 4501 1143 4585 tiam
1210 4535 1396 4591 cum
1462 4509 1718 4594 domo
1774 4538 1914 4594 sua
1997 4506 2395 4595 liberatus
2447 4530 2573 4594 est
2642 4507 2729 4593 in
2769 4505 3059 4596 Arca.

937 4616 1212 4725 Hujus
1247 4626 1508 4740 plagae
1542 4625 1815 4710 audita
1862 4625 2329 4712 vastatione
2366 4624 2816 4721 horribili,
2872 4654 3071 4739 pau-

943 4763 1415 4853 corumque
1506 4742 2014 4842 liberatione
2122 4743 2487 4836 mirabili
2562 4799 2621 4842 ,.
2696 4743 3081 4859 quisquis-

1031 5001 1073 5088 ζ
1082 5015 1109 5066 1
1118 5001 1150 5085 )
1187 4991 1442 5068 Genes.
1482 4999 1814 5097 cap-wl-
