4284 6125
1516 1338 1625 1435 xtx

544 1468 588 1537 et
602 1446 878 1534 sacramentis
907 1445 1238 1563 administrandis
1256 1449 1449 1567 usurpari
1461 1459 1627 1565 soleat,

539 1592 834 1709 explicantur,
860 1591 959 1709 quid
974 1592 1014 1678 in
1034 1590 1192 1679 Divinis
1209 1592 1360 1711 Officiis
1378 1658 1391 1696 ,
1422 1621 1461 1685 et
1477 1602 1627 1697 Missae

540 1736 754 1854 Sacrificio
770 1738 949 1855 singulis
969 1737 1192 1827 Dominicis
1212 1737 1434 1856 ceterisque
1457 1773 1534 1858 per
1547 1779 1624 1835 an.

544 1914 640 1970 num
673 1882 814 1968 diebus
833 1884 1030 2000 legatur,
1061 1903 1104 1969 et
1133 1884 1420 2001 curiegatur,
1455 1890 1626 2005 exponi-

541 2050 640 2129 tur,
669 2056 723 2114 oc
737 2031 789 2115 de
810 2024 993 2144 Ecclefiae
1007 2027 1162 2144 origine
1182 2088 1196 2123 ‚
1217 2028 1382 2143 capite,
1415 2035 1621 2140 membris,

538 2178 590 2264 de
597 2170 814 2289 precipuis
829 2201 1040 2259 sacrorum
1059 2170 1223 2261 AEdiurn
1238 2172 1427 2286 portibus
1449 2235 1462 2274 ,
1487 2183 1619 2295 deque

533 2316 816 2437 imaginibus,
844 2317 990 2434 quaein
1024 2316 1120 2431 ipsis
1145 2315 1273 2438 pingi
1289 2344 1619 2418 consueverunt,

535 2472 592 2554 de
613 2461 901 2553 Ecclesiasticis
928 2459 1146 2546 Ordinibus
1167 2517 1181 2559 ,
1209 2485 1251 2548 et
1268 2460 1453 2575 Officiis,
1484 2468 1534 2549 de
1550 2494 1619 2551 ve·

528 2608 658 2724 stibus
694 2604 1035 2717 Pontificolibus‚
1075 2625 1116 2692 et
1144 2605 1475 2692 Sacerdotalibus
1510 2665 1525 2705 ,
1565 2612 1618 2695 de

527 2755 649 2868 festis
666 2755 913 2844 Sanctorum
946 2808 960 2847 ,
992 2745 1064 2864 qui
1083 2754 1288 2865 praecipue
1317 2777 1362 2836 eo
1387 2770 1615 2867 temporeo

535 2897 683 2986 Latino
720 2893 892 3012 Ecclefiu
920 2897 1160 2985 colebantur
1190 2954 1204 2995 ,
1231 2925 1285 2984 uc
1314 2901 1477 2983 demum
1516 2954 1529 2992 ,
1563 2925 1647 2982 ne.

534 3045 700 3164 singulo
722 3073 948 3132 enumerem
974 3104 988 3143 ,
1021 3044 1225 3150 defuturo
1249 3070 1464 3155 corporum
1483 3067 1619 3123 resur·

535 3188 753 3285 rectione,
784 3192 834 3275 dc
867 3186 1109 3300 Purgatorio
1152 3243 1165 3281 ,
1199 3186 1251 3266 de
1273 3182 1449 3268 extremi
1469 3170 1623 3291 judicii

536 3323 636 3421 die,
667 3328 915 3411 derlortriao
935 3323 1175 3413 Antichristi
1200 3381 1216 3417 ‚
1246 3345 1284 3409 et
1312 3330 1363 3405 de
1379 3322 1621 3416 Jutaeorum

538 3494 679 3553 mensa
698 3465 869 3550 breuiter
884 3524 897 3562 ‚
905 3466 974 3579 pie
990 3523 1005 3563 ‚
1021 3484 1148 3580 etpro
1164 3460 1292 3550 seculi
1308 3524 1321 3562 ,
1347 3495 1429 3580 quo
1445 3464 1616 3580 Anony-

536 3637 631 3695 mus
661 3629 801 3694 noster
837 3608 1024 3723 scripsit,
1057 3606 1318 3708 conditione,
1347 3606 1504 3695 erudite
1535 3607 1619 3692 dis-

537 3752 716 3840 seritur.
749 3749 860 3835 Illud
890 3775 1025 3837 antem
1052 3757 1235 3839 maxime
1249 3758 1306 3838 ad
1331 3752 1455 3866 nujus
1474 3749 1620 3868 Operis

539 3893 923 3987 commendationem
933 3895 1039 4004 facit
1060 3956 1073 3992 ,
1107 3902 1220 4012 quod
1245 3893 1336 4009 ejus
1355 3898 1517 3986 Auctor
1531 3923 1620 3982 om·

537 4041 605 4128 niu
638 4099 651 4137 ,
681 4068 773 4155 qnae
800 4038 992 4123 desereris
1015 4038 1335 4126 Christianorum
1371 4041 1547 4141 ritibus,
1576 4057 1621 4129 et

540 4188 591 4269 de
607 4180 890 4295 Ecelufiosticis
909 4182 1062 4298 Officiis
1078 4213 1170 4271 curn
1187 4185 1329 4273 Sancti
1342 4185 1523 4271 isidorus
1542 4179 1621 4268 Hi·

539 4323 770 4441 spalensis,
800 4326 870 4409 Ino
894 4324 1186 4425 Carnutensis,
1217 4330 1356 4414 Bruao
1376 4320 1620 4444 SigniensiS,

541 4484 631 4551 turn
650 4466 723 4550 alii
737 4465 943 4584 singulari
969 4471 1152 4558 doctrina
1175 4472 1250 4558 uiri
1277 4533 1292 4571 ‚
1324 4502 1499 4590 quorum
1528 4462 1621 4552 libri

543 4608 609 4690 vel
622 4606 772 4721 injurio
803 4632 1023 4729 temporum
1054 4614 1372 4717 interciderunt,
1404 4615 1469 4700 uel
1483 4619 1619 4701 adhuc

546 4745 589 4833 ia
605 4751 938 4850 Bibliothecarum
964 4762 1118 4880 pluteis
1147 4766 1312 4969 iutentb,
1342 4759 1471 4850 literis
1487 4782 1620 4880 ,man-

1336 4908 1360 4971 2
