4284 6125
772 1349 1218 1436 sxnstoartro:
1466 1344 1555 1459 ²87

460 1451 633 1578 Quibus
651 1444 936 1567 fugientibus,
956 1454 1070 1566 quasi
1090 1457 1326 1543 denudatus
1344 1475 1407 1545 est
1426 1456 1555 1548 Chri·

463 1607 584 1678 stus3
620 1574 789 1670 Altaria¹
809 1575 921 1659 enim
949 1573 1198 1690 significant
1225 1605 1417 1687 quosque
1448 1579 1556 1666 emi·.

462 1696 683 1788 nentiores
722 1693 765 1778 in
792 1696 915 1808 plebe
936 1691 1152 1783 fidelium.
1190 1693 1377 1808 Quidam
1408 1721 1552 1784 autem

461 1818 508 1908 in
531 1814 593 1902 bis
613 1808 748 1900 iribus
780 1813 930 1914 diebus
948 1812 1138 1912 Domine,
1156 1814 1264 1900 ludin
1292 1847 1380 1903 men
1403 1817 1551 1917 ;Jttbe,
1600 1872 1604 1878 ,

463 1940 656 2038 Domne;
689 1936 751 2019 Tu
771 1953 933 2031 autern,
950 1933 1124 2032 Domine
1142 1963 1227 2022 non
1249 1932 1429 2035 dicunt,
1470 1966 1551 2025 neu

465 2056 613 2153 dicunt
639 2053 767 2140 etiam
791 2052 1064 2141 Benedictus:
1099 2051 1457 2166 llllysticat,quod
1480 2085 1551 2142 ve·

467 2206 538 2265 tus
558 2196 700 2288 pastor
719 2168 925 2270 recessit,
958 2195 1000 2257 et
1017 2173 1255 2286 Apostoli,
1292 2178 1362 2286 qui
1385 2177 1552 2287 praede·

469 2294 612 2384 stinati
631 2315 778 2392 etant,
794 2314 842 2378 ut
859 2315 1051 2408 pastores
1068 2289 1272 2380 Ecclesiae
1284 2290 1425 2380 forent
1444 2354 1458 2394 ,
1492 2294 1556 2381 di-

468 2411 640 2528 spersi,
669 2410 862 2526 aquibus
882 2410 1125 2501 benedictio
1143 2412 1307 2513 danda,
1343 2411 1385 2501 dt
1403 2439 1552 2527 peten-

470 2536 522 2620 da
543 2530 648 2616 luit.
682 2529 979 2620 Invitatotium
1010 2561 1099 2618 non
1125 2550 1361 2632 cantatur,
1402 2554 1448 2618 ut
1480 2534 1554 2618 do·

473 2679 639 2742 ceamur
673 2652 825 2738 malunt'
866 2678 1128 2741 conventum
1159 2649 1322 2738 evitate
1365 2650 1557 2761 ,unalis

472 2791 575 2856 tunc
595 2771 802 2885 temporis
819 2773 930 2886 apud
945 2772 1114 2882 Judaeos
1139 2766 1221 2855 l'uit
1237 2771 1289 2855 de
1308 2798 1412 2859 nece
1429 2771 1559 2859 chri-

476 2888 545 2976 sti.
561 2891 701 2977 Gloria
721 2889 838 2978 Pntri
853 2891 1029 2978 omnino
1047 2887 1329 2991 dimittimus,
1351 2887 1448 3005 quia
1469 2920 1560 2978 om·

477 3007 543 3096 nis
571 3009 764 3097 salutatio
801 3011 920 3099 deest
938 3008 1002 3100 his
1032 3008 1170 3098 tribus
1200 3008 1384 3111 diebus,
1416 3010 1466 3098 ad
1500 3008 1561 3099 vi·

480 3130 645 3214 tandem
661 3126 906 3242 pestiferant
935 3130 1260 3232 salutationem,
1293 3131 1456 3245 qualem
1475 3128 1563 3217 dia·

481 3247 635 3345 bolus,
665 3270 708 3331 et
742 3250 866 3360 Judas
900 3249 1134 3339 exercuit.
1170 3248 1309 3336 Sonus
1346 3276 1562 3363 campanae

481 3393 571 3450 non
590 3365 709 3451 datur
729 3425 743 3465 ‚
775 3368 848 3453 sed
866 3366 967 3485 ligni
988 3430 1002 3470 ,
1033 3368 1132 3485 quia
1151 3367 1348 3455 humilior
1365 3389 1433 3455 est
1450 3397 1561 3458 sotto

482 3483 612 3570 aeris.
652 3483 874 3571 Conuenit
902 3487 1050 3591 enim,
1081 3512 1127 3575 ut
1161 3517 1236 3602 per
1266 3490 1340 3576 ltos
1359 3510 1443 3575 tres
1473 3487 1564 3577 dies

485 3602 725 3707 humiliatio
760 3628 934 3723 ptopter
954 3607 1189 3697 triduanam
1219 3609 1472 3725 sepulturam
1500 3638 1567 3698 ce·
1658 3613 1660 3618 ’

485 3724 673 3810 lebretur
693 3788 703 3810 .
736 3725 908 3814 Nouem
925 3726 1074 3816 Psalmi
1094 3787 1110 3828 ‚
1141 3757 1296 3816 nouem
1315 3726 1567 3831 Lectiones.

486 3865 543 3926 et.
565 3845 743 3931 totidem
762 3847 1079 3962 Responsoria,
1097 3878 1192 3961 quae
1211 3849 1474 3937 celebrantur
1491 3876 1570 3966 pet

474 3960 571 4050 ¹illas
608 3988 786 4065 noctes,
819 3966 1065 4065 insinuant,
1101 3969 1215 4082 quod
1246 3968 1461 4056 Dominus
1495 3972 1569 4055 de·

488 4084 652 4169 scendit
683 4087 732 4170 ad
761 4084 966 4174 inferiora
1001 4147 1016 4189 ‚
1048 4084 1130 4173 tria
1161 4114 1315 4201 genera
1347 4087 1569 4176 hominurn

487 4199 674 4313 rapiens,
688 4234 784 4317 quae
797 4208 846 4291 ad
866 4206 1115 4295 societatem
1135 4233 1289 4292 nouem
1302 4206 1579 4324 Angelorum.

490 4317 704 4408 Ordinum
732 4326 1002 4412 transvexit.
1046 4326 1149 4415 Haec
1177 4323 1257 4412 tria
1287 4356 1440 4440 genera
1476 4357 1566 4415 cre·

491 4438 646 4527 duntur
665 4441 793 4531 fuisse
813 4443 856 4528 in
891 4444 1066 4531 naturali
1091 4450 1213 4562 lege,
1243 4461 1289 4528 et
1306 4443 1351 4530 in
1372 4463 1567 4563 tempore

492 4557 628 4673 legis,
661 4586 703 4648 et
721 4565 1025 4678 Prophetarum
1045 4622 1054 4644 .

543 4781 544 4784 Ν
614 4677 742 4792 Quod
763 4686 842 4770 tria
860 4680 1078 4771 luminatia
1093 4679 1401 4793 extinguuntur
1417 4678 1479 4766 his
1498 4677 1570 4766 tri·

495 4797 575 4880 bus
594 4798 791 4916 noctibus
811 4836 825 4910 ;
856 4824 1022 4921 aptatur
1042 4800 1126 4918 ipsi
1153 4800 1233 4887 soli
1252 4795 1429 4908 justitiae
1448 4853 1462 4895 ,
1495 4794 1566 4909 qui
