4284 6125
849 1333 1283 1415 tax-annonam·
1334 1350 1349 1361 ·’
1525 1321 1645 1430 ομ

535 1456 624 1537 tem
657 1456 802 1520 suam.
834 1423 907 1519 Sic
944 1452 987 1518 et
1014 1461 1093 1518 nos
1125 1457 1203 1517 nec
1235 1434 1348 1532 inter
1379 1455 1618 1551 prospera,

536 1580 616 1646 nec
644 1549 758 1640 inter
774 1549 947 1638 adversa
974 1552 1173 1645 debemus
1191 1548 1390 1637 amittere
1408 1548 1532 1634 fidem
1553 1583 1618 1641 re·

535 1699 648 1780 ctam
679 1733 690 1757 .
725 1667 896 1757 Olivam
927 1667 972 1757 in
991 1699 1113 1769 mann
1132 1668 1268 1786 gerit,
1284 1669 1356 1782 qui
1375 1667 1617 1766 misericors

534 1795 650 1881 diam
682 1786 869 1904 quaerit.
898 1784 1027 1887 Oliva
1058 1788 1172 1875 enim
1204 1818 1299 1883 enm
1325 1788 1369 1874 in
1390 1787 1496 1888 flore
1516 1812 1615 1895 est,

536 1913 574 2014 si
591 1909 867 2007 immoderata
885 1907 1037 2012 nebula
1053 1904 1237 2025 tangitur
1255 1966 1271 2006 ,
1302 1938 1323 1992 a
1349 1907 1615 2024 plenitudine

536 2027 751 2141 ¹fructuum
785 2049 1019 2127 vacuatur.
1055 2028 1109 2116 Et
1143 2025 1215 2140 qni
1249 2031 1358 2114 bona
1393 2055 1522 2140 opera
1550 2026 1617 2114 in·

537 2146 760 2238 choavetit
778 2144 979 2264 operari,
1012 2167 1058 2233 et
1080 2148 1132 2239 ab
1152 2144 1455 2260 aspicientibus
1473 2175 1615 2262 ccepe÷

540 2268 598 2357 rit
617 2266 807 2370 laudari,
838 2263 945 2354 etin
980 2265 1066 2370 suis
1094 2265 1285 2364 laudibus
1304 2264 1501 2354 delectari
1521 2325 1536 2366 ,
1568 2267 1618 2357 lit

543 2383 679 2502 caligo
696 2382 989 2502 intelligentias
1009 2383 1054 2473 in
1071 2384 1330 2502 cogitatione
1352 2444 1367 2485 ,
1393 2384 1535 2496 utiam
1553 2386 1615 2473 di·

543 2533 742 2609 scerncre
758 2516 938 2620 nequeat
956 2565 971 2606 ,
991 2534 1074 2619 qua
1088 2500 1334 2593 intentione
1353 2503 1454 2618 qnid
1473 2502 1614 2613 facian

542 2649 588 2709 et
615 2621 795 2722 fructum
822 2623 963 2739 perdit
982 2621 1166 2740 operis,
1196 2623 1313 2709 velut
1329 2651 1380 2715 ex
1396 2627 1547 2710 nebula
1561 2626 1619 2714 fa·

541 2742 660 2829 voris
678 2774 692 2848 ;
713 2745 824 2838 unde
844 2747 952 2837 bene
972 2772 1047 2858 pet
1065 2741 1336 2843 Salomonem
1350 2741 1508 2831 dicitnr
1527 2745 1618 2863 (¹)l

545 2862 676 2966 Mane
690 2893 912 2980 surgamus
926 2869 985 2950 ud
1002 2864 1141 2953 vinens
1159 2894 1173 2968 ;
1189 2861 1414 2962 videamus,
1428 2862 1466 2950 si
1470 2862 1622 2976 floruit

540 2981 656 3068 vinea
673 3040 687 3081 ,
703 2983 739 3072 si
744 2983 875 3093 flores
882 2982 1048 3094 fructus
1056 2983 1248 3101 parturio
1256 3004 1303 3071 nt
1319 3047 1328 3066 .
1350 2983 1522 3071 Floreat
1540 2988 1615 3105 (a)

544 3101 704 3216 quippe
722 3103 861 3201 vineae
873 3162 886 3202 ‚
900 3132 995 3192 cnm
1015 3127 1177 3191 mentes
1189 3101 1370 3209 fidelium
1390 3106 1500 3198 bona
1518 3134 1622 3219 ope·

544 3248 591 3306 ra
605 3221 1113 3333 proponunt3sedlrnctns
1131 3254 1217 3311 non
1236 3220 1458 3338 pariunt‚si
1477 3224 1527 3308 ab
1547 3252 1619 3335 eo,

546 3337 661 3448 quod
695 3364 1037 3451 proposuerunt,
1052 3342 1261 3457 aliquibus
1278 3338 1384 3428 victi
1400 3339 1620 3446 erroribus

546 3455 934 3547 infirmantur.Non
949 3489 1051 3578 ergo
1067 3463 1317 3556 intuendum
1336 3459 1451 3560 est‚si
1474 3458 1615 3551 vineae

545 3572 742 3675 floreant,
754 3578 825 3675 sed
843 3576 878 3664 si
896 3577 1022 3670 liures
1038 3584 1089 3669 ud
1107 3608 1270 3698 pactum
1285 3582 1498 3670 fructuum
1517 3610 1621 3669 con·

545 3693 780 3800 valescunt.
808 3695 922 3816 Quia
939 3698 1093 3789 mirum
1110 3723 1313 3803 nonest,
1338 3699 1372 3787 si
1391 3697 1486 3813 quis
1506 3703 1621 3808 bona

543 3809 723 3911 inchoet
741 3874 756 3915 ,
784 3820 856 3902 sed
875 3821 994 3908 valde
1013 3818 1205 3918 mirabile
1230 3842 1295 3919 est
1314 3880 1329 3923 ,
1361 3815 1397 3907 si
1421 3839 1537 3906 recta
1555 3818 1621 3920 inf

545 3935 740 4040 tentione
765 3961 1044 4050 perseveret.
1081 3945 1130 4031 ln
1163 3944 1281 4035 bono
1306 3967 1437 4053 opere
1455 3939 1529 4056 (3)
1554 3968 1621 4026 re·

545 4074 612 4160 cta
626 4053 812 4166 intentio
833 4087 920 4159 non
940 4079 1146 4165 tenetur,
1178 4059 1215 4168 si
1242 4082 1341 4148 ante
1370 4058 1497 4162 finem
1517 4058 1620 4170 vitae

574 4340 629 4423 (ι)
643 4335 746 4410 Cant.
758 4338 836 4407 vul.
859 4363 916 4429 12,
1110 4389 1137 4435 2,
1152 4341 1250 4413 Unde
1265 4342 1305 4414 fit
1329 4341 1555 4437 plerumque,
1579 4357 1621 4414 nt

575 4437 629 4519 (a)
646 4433 734 4506 Vide
748 4436 784 4505 S.
799 4435 975 4509 Paterium
989 4439 1061 4510 Ex·
1109 4437 1178 4522 „si
1201 4437 1234 4509 in
1249 4440 1339 4511 bono
1351 4462 1454 4533 opere
1469 4455 1560 4509 recta
1575 4437 1622 4518 in·¹

598 4526 736 4604 sit.Vet.
749 4533 899 4605 Testem.
912 4533 1006 4606 Part.
1025 4558 1057 4607 ι.
1108 4583 1133 4627 ,‚
1147 4534 1254 4607 tentio
1270 4561 1337 4609 non
1354 4554 1500 4618 tenetur,
1516 4534 1620 4623 etiam

565 4623 611 4695 ib.
632 4632 956 4724 antean-anal,
971 4632 1060 4706 inter
1107 4680 1133 4716 „
1149 4633 1260 4725 ipsum
1286 4637 1352 4706 hoc
1381 4657 1495 4725 opus,
1523 4631 1618 4722 quod

549 4722 1063 4824 opp-§.Gregoriintagnium
1112 4733 1277 4820 „boumn
1302 4731 1454 4819 creditur
1478 4774 1491 4817 ‚
1516 4726 1618 4807 amitt

550 4818 621 4910 ml·
644 4826 726 4911 308.
1113 4876 1138 4913 ,a
1152 4845 1242 4921 laius
1258 4876 1307 4920 oss

576 4924 631 5012 (3)
646 4921 682 4993 8.
707 4921 863 5014 Paterius
900 4924 968 4999 l'oc·
994 4926 1055 5023 cita
