4284 6125
841 1364 1280 1447 nxntrcn‘rto.
1387 1390 1394 1399 ·
1517 1365 1602 1455 551

541 1483 733 1548 mortuos
755 1521 765 1543 .
797 1459 935 1547 Vivus
952 1459 1063 1545 enim
1081 1460 1259 1574 appeiiat
1276 1485 1350 1546 eos
1370 1518 1384 1561 ,
1414 1453 1487 1572 qui
1505 1484 1606 1550 tunc

542 1581 633 1666 vivi
651 1575 915 1692 reperientur
932 1580 1034 1695 (1):
1067 1602 1256 1665 mortuos
1280 1604 1384 1665 vero
1407 1577 1478 1691 qui
1509 1605 1608 1666 ante

539 1697 740 1808 judicium
767 1697 922 1785 mortui
940 1696 1129 1784 fuerint.
1167 1696 1245 1782 Vei
1277 1694 1398 1783 vivos
1429 1699 1612 1811 appellat

540 1817 703 1928 justos,
735 1817 805 1931 qui
835 1817 917 1914 fide
934 1874 948 1914 ,
978 1839 1020 1901 et
1050 1814 1173 1901 bouis
1192 1814 1392 1929 operibus
1426 1816 1612 1921 vivunt;
1687 1912 1700 1922 Ι,

541 1958 731 2023 mortuos
745 1934 952 2046 vero,qui
970 1932 1012 2020 in
1033 1932 1213 2046 peccatis
1231 1931 1385 2021 mortui
1403 1936 1609 2021 existunt.

541 2053 683 2143 Sancti
702 2052 814 2140 enim
834 2052 943 2140 diem
963 2050 1110 2159 judicii
1126 2076 1381 2167 expectant,
1414 2074 1457 2137 ut
1476 2053 1613 2167 dupii-

541 2202 631 2260 cem
665 2171 812 2258 stolam
837 2170 1078 2284 accipiant,
1110 2171 1270 2260 sciiicet
1289 2169 1612 2272 beatitudinem,

541 2320 637 2405 quae
654 2288 816 2407 gemina
833 2315 894 2377 est
910 2287 1047 2378 futura
1063 2289 1108 2377 in
1124 2289 1193 2379 die
1210 2289 1356 2400 judicii
1377 2321 1391 2393 ς
1417 2289 1483 2373 vei
1502 2314 1613 2375 met·

542 2411 685 2496 cedern
713 2410 901 2494 laborum
936 2437 1140 2507 suorum,
1170 2432 1213 2496 et
1258 2402 1436 2498 caelestis
1461 2405 1620 2523 patriam

541 2526 718 2642 gaudia.
753 2525 835 2614 Sed
857 2529 917 2615 eis
936 2526 1139 2642 quotidie.
1162 2525 1315 2617 dicitur
1350 2526 1454 2645 (2):
1480 2526 1615 2621 rusci-

539 2666 628 2732 nete
652 2644 852 2734 modicum
879 2669 1033 2761 tempus
1060 2703 1075 2746 ,
1105 2650 1233 2735 donec
1262 2649 1511 2764 compleatur
1535 2677 1615 2733 nu·

540 2790 674 2853 merus
681 2765 863 2877 fratrum
880 2785 1102 2852 vestrorum
1126 2824 1139 2864 ,
1171 2763 1287 2877 quasi
1307 2766 1416 2852 dicat
1432 2816 1454 2863 ,·
1478 2787 1523 2851 ut
1543 2794 1614 2879 pa-

540 2881 696 2967 tienter
713 2903 938 2997 expectent
958 2884 1154 2997 usquead
1172 2883 1283 2970 diem
1303 2882 1448 2994 judicii
1469 2942 1484 2984 ,
1514 2906 1614 2999 quie

540 2998 630 3094 dies
649 3029 734 3088 uon
762 2994 878 3100 erit,
909 3002 1046 3092 donec
1074 3028 1269 3094 numerus
1289 3002 1615 3103 confessorum,

539 3117 611 3231 qui
649 3146 747 3206 sunt
777 3117 973 3208 conservi
1001 3181 1015 3224 ,
1047 3119 1126 3213 hoc
1154 3146 1218 3210 est
1250 3182 1265 3224 ,
1295 3120 1485 3210 similiter
1511 3123 1612 3210 Deo'

539 3235 810 3336 servientes,
841 3267 935 3325 curn
960 3239 1022 3328 eis
1051 3242 1337 3357 compleatur.
1374 3242 1453 3327 Vei
1470 3240 1612 3330 donec

538 3379 736 3444 numerus
765 3358 981 3457 fratrum,
1022 3379 1067 3444 et
1096 3382 1324 3471 martyrum
1361 3417 1375 3460 ,
1405 3355 1478 3474 qui
1511 3379 1612 3446 tunt

539 3473 736 3564 conservi
757 3535 771 3578 ,
804 3473 883 3564 hoc
903 3499 994 3575 est,
1024 3475 1237 3568 interfecti
1256 3500 1432 3596 propter
1451 3502 1609 3562 nomen

536 3587 746 3698 Domini,
778 3593 889 3684 sicut
913 3594 1035 3684 etilli
1061 3656 1076 3699 ,
1105 3595 1297 3686 cumillis
1314 3595 1570 3714 compleatur
1590 3655 1603 3683 .

1198 3713 1369 3832 Mm4

562 3944 616 4028 (1)
632 3939 666 4010 S.
682 3938 893 4034 Augustinus
915 3939 1042 4014 Enchi·
1093 3991 1119 4029 ,‚
1133 3953 1504 4022 ctos‚mortuos·autetn
1519 3938 1608 4022 iniu-

535 4038 615 4110 ridii
627 4038 872 4129 capum-vt.
885 4038 1043 4130 coi.2r7.
1095 4088 1120 4125 ,‚
1136 4058 1231 4122 ποις
1246 4036 1406 4131 quonium
1418 4036 1499 4120 iusti
1514 4061 1604 4135 quo·

535 4136 655 4216 „Sive
680 4152 720 4206 ut
748 4135 848 4206 vivos
878 4134 1044 4229 inteiliga-
1094 4135 1485 4232 „queiudicabuntura
1501 4179 1528 4216 ,‚

536 4276 561 4312 2,
576 4256 673 4312 mus,
702 4245 800 4328 quot·
817 4231 871 4306 hic
890 4235 1041 4308 nondun
1118 4242 1172 4326 (ι)
1190 4232 1333 4325 Apocai.
1350 4253 1602 4306 c.v1.vcr.11.

536 4369 562 4405 ι,
577 4346 755 4412 mortuos,
782 4331 841 4403 sed
865 4332 975 4403 adhuc
1005 4330 1040 4404 iu
1094 4342 1136 4406 lt
1150 4333 1273 4408 dictum
1292 4345 1340 4404 est
1366 4328 1459 4410 iuis,
1482 4343 1520 4398 ut
1543 4347 1600 4398 re·

536 4466 562 4501 ι,
577 4428 748 4500 istacatne
763 4430 916 4499 virenter
930 4428 1040 4502 inven-
1092 4433 1296 4528 quiescerent
1334 4426 1441 4500 adbuc
1470 4439 1601 4519 tempus

537 4561 563 4598 ι,
577 4538 673 4594 turus
690 4542 739 4596 est
763 4528 834 4607 elus
848 4528 1037 4606 adventum
1091 4525 1281 4604 modicum,
1299 4523 1399 4596 donec
1412 4521 1598 4620 complean-

538 4637 883 4701 „murmurantem
906 4621 964 4713 qni
993 4622 1037 4693 de
1091 4639 1148 4696 tur
1162 4619 1463 4700 carternitanum,
1482 4634 1515 4688 ec
1523 4618 1598 4704 fra·

537 4755 564 4791 ι,
579 4737 746 4806 corpore,
764 4716 956 4814 priusquam
973 4739 1036 4787 ve*
1091 4737 1156 4791 tres
1168 4739 1294 4797 eornm,
1306 4719 1365 4815 qui
1381 4711 1598 4806 interficiendi

538 4852 564 4888 m
581 4812 671 4891 nint,
691 4813 869 4898 exierunt,
893 4816 948 4888 vel
964 4815 1039 4888 exi·
1090 4835 1166 4892 runt
1177 4865 1190 4903 ,
1203 4824 1289 4892 sicut
1300 4837 1332 4900 et
1344 4823 1423 4902 iiii·

538 4907 761 4992 murtrum.
787 4909 1037 5004 tivevtvorm
1100 4961 1104 4968 ·
