4284 6125
1238 895 1243 906 Ι

1504 1408 1605 1507 XX}

532 1528 666 1617 dorem
687 1581 697 1603 ·
729 1516 801 1608 'Ad
815 1520 899 1610 baec
913 1520 1004 1608 loca
1016 1517 1197 1635 plurima
1216 1517 1385 1609 librarii
1408 1527 1473 1612 vel
1485 1528 1611 1648 impe·

530 1667 627 1754 ritio
649 1728 663 1767 ,
702 1669 765 1753 vel
780 1664 1026 1787 negligentia
1046 1664 1190 1752 misere
1209 1669 1430 1782 depravata
1452 1728 1466 1769 ,
1497 1673 1617 1760 resti·

534 1812 597 1903 tui
625 1871 640 1912 ,
669 1811 727 1898 ito
762 1833 895 1898 tamen
936 1829 983 1897 ut
1016 1813 1068 1896 de
1100 1809 1258 1923 ¹Codicis
1290 1811 1493 1898 mendosis
1525 1811 1617 1928 ipfio

464 1998 466 2007 <
539 1955 772 2043 lectionibus
795 1958 854 2043 Te
869 1952 1146 2041 admonuerim
1168 2014 1182 2055 ,
1217 1984 1264 2041 ea
1283 1984 1407 2056 vero,
1436 1982 1617 2072 quorum

536 2104 871 2218 corrigendorum
906 2084 1015 2187 certa
1049 2096 1145 2183 milri
1178 2099 1284 2186 ratio
1305 2130 1385 2184 non
1407 2127 1619 2188 succurre·

533 2244 646 2344 bat,
679 2242 841 2332 minime
868 2243 1028 2363 attigi,
1057 2244 1131 2328 sed
1163 2241 1228 2327 vel
1252 2244 1476 2329 dumtaxat
1505 2273 1620 2341 menr.

534 2394 634 2475 dum
668 2388 835 2487 notavi,
869 2389 934 2473 vel
962 2417 1045 2504 qun
1076 2384 1236 2473 ratione
1261 2387 1467 2474 emendari
1494 2382 1619 2502 porse]

515 2527 635 2620 'miti
665 2528 865 2619 videretur
897 2591 911 2632 ,
939 2528 1195 2650 fignificavi.
1231 2531 1403 2618 Domum
1436 2531 1618 2649 Scripto-

539 2706 627 2765 rum
650 2673 812 2790 Opera,
841 2673 1059 2789 exquibus
1085 2670 1150 2757 uel
1175 2668 1371 2771 uberior,
1402 2675 1465 2760 vel
1495 2702 1617 2763 accu-

536 2816 671 2904 ratior
689 2844 823 2903 rerum
828 2875 842 2917 ,
859 2813 1309 2932 dequiburAnonynrus
1324 2823 1615 2934 nosterdr'spu·

535 2978 627 3060 tat,
665 2959 810 3048 notitia
846 2959 1005 3046 hauriri
1027 2980 1196 3077 potest,
1229 2960 1407 3051 indicavi
1424 3027 1434 3046 .
1476 2965 1615 3047 Tuum

538 3106 659 3190 modo
681 3126 741 3192 est
758 3104 935 3194 laborem
952 3111 1059 3196 hunc
1077 3137 1209 3193 meum
1236 3106 1345 3220 aequi
1362 3104 1617 3220 boniquefo·

539 3275 659 3350 cere,
692 3271 729 3337 et
753 3282 817 3338 me
834 3249 1075 3338 Christiana*
1102 3247 1346 3360 Reipublicae
1364 3246 1467 3329 bono
1487 3239 1620 3351 majo·

545 3419 592 3474 ra
615 3390 751 3473 animo
784 3392 1010 3476 molientem
1036 3388 1188 3498 favore
1208 3405 1312 3489 tuo,
1339 3405 1381 3474 et
1402 3416 1476 3504 ope
1498 3380 1619 3500 adju

546 3557 672 3620 vare.
708 3532 857 3644 Fatut
880 3532 1048 3622 valeas.
