4284 6125
537 1310 626 1435 4‘18
772 1342 1040 1405 nrvruonunr
1069 1320 1353 1405 orrrdronum
1410 1426 1414 1431 Ι

535 1435 654 1554 quasi
670 1466 769 1524 suas
793 1440 831 1523 hi
851 1462 980 1539 sunt,
1013 1436 1084 1549 qui
1121 1460 1291 1552 portant
1324 1461 1497 1524 crucem
1517 1466 1605 1527 non

534 1588 616 1673 pro
642 1556 724 1642 suis
742 1556 925 1673 peccaris
947 1619 960 1656 ,
992 1560 1062 1642 sed
1082 1585 1161 1672 pro
1181 1554 1327 1643 alienis
1350 1618 1361 1640 .

653 1676 789 1761 Prima
818 1674 989 1763 Secreta
1020 1674 1228 1793 significat
1261 1674 1365 1759 illud
1398 1700 1603 1790 tempus,

536 1797 704 1907 quando
723 1792 918 1879 Christus
941 1792 1057 1881 venir
1074 1792 1416 1911 Hierosolymam
1428 1795 1478 1879 ud
1496 1796 1605 1881 diem

537 1914 692 2029 festum
727 1940 812 1998 non
847 1913 1102 2001 manifestet
1131 1913 1201 2001 vel
1229 1912 1437 2030 significat
1457 1942 1610 2031 agnum

537 2032 772 2119 Paschalem
790 2031 1118 2131 immolandum,
1150 2034 1263 2146 quod
1295 2055 1384 2118 erat
1399 2044 1607 2121 secretum

539 2150 769 2248 omnibus,
801 2180 929 2261 usque
957 2152 1001 2237 in
1030 2151 1140 2239 diem
1159 2170 1297 2241 coense
1318 2210 1333 2250 ,
1351 2152 1531 2265 =quando
1547 2154 1608 2238 di·

538 2269 713 2383 scipulis
732 2268 950 2384 apparuit;
984 2276 1030 2355 ln
1054 2276 1126 2359 hac
1145 2270 1318 2359 Secreta
1344 2292 1518 2357 uocatur
1532 2273 1604 2358 So.

539 2388 735 2499 crificiurn
764 2389 954 2473 oblatio.
989 2390 1180 2479 Secunda
1200 2392 1371 2477 Secreta
1400 2388 1603 2505 significat

537 2507 640 2591 illud
663 2532 858 2621 tempus,
890 2539 974 2621 quo
1009 2537 1203 2624 receptus
1221 2508 1603 2621 fuit'in-Jerusulem

539 2640 634 2711 'eum
655 2628 846 2735 hymnis,
877 2654 917 2711 et
940 2630 1160 2729 laudibus,
1191 2654 1234 2714 et
1252 2625 1373 2715 rumis
1387 2628 1605 2727 arborum,

541 2765 715 2828 etsexta
741 2745 842 2830 feria
859 2749 1081 2837 crucifixus
1105 2749 1220 2849 fnit-3
1251 2746 1359 2861 quod
1388 2745 1603 2831 occultum

540 2886 631 2945 erar
667 2885 764 2948 ante
799 2928 809 2947 .
853 2870 1058 2957 Praeterea
1084 2868 1294 2955 Dominus
1317 2890 1458 2951 noster
1481 2865 1600 2973 lesus

540 2978 738 3068 Christus
786 3003 1008 3098 antequam
1056 3008 1315 3100 pateretur,
1355 3012 1433 3100 pro
1478 2983 1602 3069 nobis

537 3129 679 3188 orasse
699 3103 767 3220 (1)
797 3106 995 3192 creditur.
1030 3111 1257 3219 Hymnus,
1288 3105 1486 3190 videlicet
1505 3105 1603 3187 Son·

537 3243 630 3308 ctus
648 3280 661 3320 ,
679 3224 885 3325 Sanctus,
903 3230 1078 3316 Sanctus
1108 3261 1129 3313 a
1162 3228 1289 3312 Beato
1323 3223 1453 3310 Sixto
1485 3220 1601 3306 insti·

537 3365 654 3426 tutus
674 3343 746 3460 (ι)
767 3375 850 3428 nnn
879 3345 1112 3462 incongrue
1141 3369 1281 3460 potest
1301 3343 1536 3461 significare
1563 3342 1603 3424 fi·

540 3461 638 3541 dem
658 3458 822 3545 Sanctae
839 3464 1092 3567 Trinitatis,
1124 3497 1246 3578 quam
1275 3467 1404 3551 corde
1426 3521 1441 3560 ‚
1471 3483 1511 3545 et
1530 3488 1601 3544 ore

541 3575 709 3658 laudare
730 3579 959 3683 debemus,
989 3610 1031 3671 et
1052 3584 1244 3673 confiteri
1267 3648 1277 3668 .

660 3691 888 3783 Sacerdote
926 3704 1177 3790 dicenteTe
1203 3704 1331 3822 igitur
1357 3761 1372 3798 9
1401 3726 1532 3810 Usque
1557 3697 1605 3781 ad

537 3809 694 3940 locum,
710 3813 779 3896 ubi
800 3815 955 3906 dicitur
974 3821 1102 3908 Nubis
1117 3853 1279 3940 quoque
1295 3880 1308 3920 ,
1326 3815 1509 3904 Diaconi
1530 3876 1543 3912 2
1564 3813 1606 3899 ct

533 3928 718 4014 ministri
751 3935 965 4026 humiliato
1001 3943 1135 4056 ca'pire
1163 3941 1206 4026 in
1237 3938 1428 4026 oratione
1462 3962 1604 4047 perse·

534 4072 720 4178 verent,
754 4053 849 4163 quia
882 4059 1066 4169 patiente
1090 4062 1308 4146 Salvatore
1339 4077 1511 4149 nostro,
1544 4051 1606 4136 di·

536 4166 687 4276 scipuli
708 4168 793 4275 ejus
816 4172 999 4279 timore,
1033 4205 1073 4265 et
1093 4210 1275 4267 moerore
1294 4171 1609 4286 compatieban-

536 4305 637 4366 tur.
674 4287 757 4371 Ubi
780 4319 950 4378 ventum
988 4323 1049 4381 est
1071 4301 1120 4382 ad
1141 4301 1228 4384 haec
1252 4299 1381 4380 verba
1403 4290 1607 4405 Supplices

533 4413 575 4488 te
591 4427 813 4520 rogamus,
847 4411 1048 4503 Sacerdos
1075 4441 1200 4533 caput
1219 4417 1423 4504 inclinare
1443 4413 1574 4496 debet
1593 4439 1606 4512 3

565 4613 618 4698 (¹)
640 4612 730 4683 Cod.
747 4641 864 4690 orare.
1097 4623 1286 4698 civiuVidc
1297 4619 1475 4694 Minoide
1490 4614 1608 4685 Eccles.

560 4715 617 4796 (25
631 4705 816 4800 Triplicara
831 4717 925 4792 ishaec
941 4717 1046 4793 lundis
1100 4721 1212 4792 obser.
1234 4732 1385 4815 cap.xr.'
1402 4713 1612 4786 Confer'Ba·

539 4805 738 4880 acclamatio
770 4831 806 4881 nt
823 4814 853 4884 in
873 4818 973 4889 Missa
997 4843 1051 4892 cu·
1102 4819 1234 4892 ronium
1269 4823 1311 4892 ad
1343 4839 1468 4890 annum
1491 4809 1613 4886 extri·

533 4923 690 4997 ncrctur,
706 4908 821 4986 Sixtus
835 4911 973 5011 Pausi.
986 4941 1059 4990 sun·
1104 4939 1264 4991 nummu.
