4284 6125
442 787 1705 1155 *¹—

512 1272 599 1362 290
750 1267 1338 1333 nrvtttortust.orarctortuu
1695 1212 1700 1317 f

508 1364 660 1449 fratres
679 1362 761 1449 albi
797 1366 1012 1451 denudent
1035 1363 1183 1449 Altare
1203 1360 1454 1451 sindonibus
1473 1422 1485 1449 .
1520 1360 1594 1451 Αἱ·
1696 1320 1703 1431 i-

511 1505 602 1568 tare
623 1480 828 1597 significat
844 1485 1098 1581 Dominum,
1118 1483 1320 1569 sindones
1340 1480 1593 1599 Apostolos,
1696 1500 1705 1995 p

512 1602 585 1714 qui
606 1607 914 1715 comprehenso
933 1602 1125 1689 Domino
1159 1600 1391 1718 fugerunt,
1416 1632 1511 1689 eum
1531 1631 1593 1689 te·

510 1721 783 1833 linquentes.
819 1725 913 1843 Qua
958 1722 1076 1833 finita
1112 1722 1382 1837 Episcopus,
1419 1746 1490 1807 aut
1522 1720 1595 1809 Sa·

512 1845 663 1929 cerdos
681 1843 888 1929 solemnes
916 1840 1026 1929 dicat
1044 1842 1290 1928 orationes.
1327 1838 1482 1929 Oravit
1502 1842 1593 1929 Do·

512 1959 654 2047 minus
692 1962 735 2045 in
770 1960 965 2077 passione
1001 1988 1072 2047 sua
1100 1991 1178 2077 pro
1213 1958 1594 2075 persecutoribus,

511 2080 660 2166 dicens
679 2081 752 2200 (r)
772 2112 782 2166 s
802 2083 924 2167 Pater
944 2142 957 2180 ,
982 2079 1138 2167 dimitte
1161 2080 1245 2167 iliis
1262 2140 1277 2181 ,
1295 2083 1393 2199 quia
1409 2080 1593 2167 nesciunt

511 2199 809 2317 quidfacirrnt3
829 2198 872 2286 ἃ
892 2199 936 2285 in
955 2196 1142 2315 praefatis
1170 2198 1431 2287 solemnibus
1459 2228 1595 2315 genua

515 2318 745 2407 flectuntur
766 2380 779 2418 ,
810 2343 991 2435 excepto
1008 2320 1252 2429 Iudaeorum
1270 2319 1376 2441 (2),
1407 2320 1480 2431 qui
1497 2316 1596 2407 falsa

513 2437 711 2525 illusione
742 2439 977 2525 Dominum
1007 2440 1268 2525 illuserunt.
1301 2440 1451 2525 Postea
1487 2434 1595 2524 Cru-

516 2587 607 2643 cem
630 2617 643 2652 ‚
677 2580 854 2670 quaeest
874 2583 1106 2673 praeparata
1122 2560 1170 2643 ad
1194 2556 1301 2645 aliud
1320 2546 1502 2656 Altam,
1532 2585 1596 2643 ac·

513 2675 677 2789 cipiant
695 2679 779 2762 duo
798 2678 945 2763 fratres
966 2738 979 2776 ,
1007 2699 1050 2763 et
1069 2702 1240 2763 teneant
1263 2672 1396 2791 ipsam
1416 2704 1597 2789 cooper-

518 2819 603 2879 tam
627 2823 676 2879 ex
698 2816 875 2909 utraque
895 2821 1012 2911 parte
1032 2856 1046 2895 ,
1087 2822 1130 2882 et
1147 2796 1323 2883 veniant
1339 2797 1529 2885 canendo
1549 2792 1596 2879 in

516 2914 721 2999 chorum:
750 2917 874 3003 Vadis
889 2914 1135 3033 Propitiotor
1156 2976 1169 3017 ,
1188 2941 1230 3004 et
1250 2940 1422 3029 portent
1438 2942 1525 3001 earn
1545 2914 1597 2999 ad

514 3033 656 3120 locum
691 3058 971 3152 praeparatum
999 3032 1311 3122 linteaminibus
1343 3095 1357 3134 ,
1391 3054 1435 3120 et
1467 3031 1598 3144 pallio

516 3181 749 3253 ornatum,
781 3159 829 3240 ad
865 3159 1010 3274 gradus
1031 3156 1223 3259 Altaris3
1258 3155 1415 3242 &dum
1449 3148 1601 3240 dicunt

519 3300 713 3361 versum:
742 3277 898 3376 Venite,
913 3297 951 3361 et
971 3277 1121 3374 videte,
1139 3271 1455 3386 discooperiant
1474 3300 1563 3357 eam
1584 3332 1598 3371 ,

519 3415 568 3476 ut
590 3395 640 3476 ab
670 3396 867 3482 omnibus
907 3394 1043 3509 possit
1070 3393 1237 3480 videri.
1275 3399 1424 3480 Postea
1443 3419 1601 3504 coope-

514 3508 628 3618 riant
647 3540 734 3596 eam
748 3573 761 3610 ,
777 3540 921 3624 postea
944 3515 1084 3602 dicant
1103 3510 1217 3623 juxta
1236 3513 1421 3599 Crucem
1439 3510 1603 3628 Agios,

517 3625 563 3715 ἃ
585 3630 739 3715 chorus
766 3631 876 3717 dicat
913 3632 1106 3717 similiter
1139 3637 1313 3720 Sanctus
1331 3634 1405 3748 (3)
1434 3661 1447 3732 ;
1480 3631 1522 3717 δι
1542 3630 1605 3713 di-

518 3747 658 3833 cendo
676 3746 846 3836 flectant
874 3781 1005 3866 genua
1024 3755 1073 3836 ad
1092 3751 1256 3871 Agios,
1289 3777 1331 3835 et
1353 3756 1401 3836 ad
1417 3751 1603 3835 'Sanctus

519 3866 716 3954 similiter
737 3903 749 3972 ;
785 3897 826 3955 et
847 3874 925 3956 boc
954 3869 1104 3956 faciant
1125 3873 1261 3957 tribus
1284 3870 1473 3957 vicibus.
1512 3867 1602 3950 De·

519 3983 620 4071 inde
639 3992 870 4107 porrigitur
896 3990 1145 4088 incensum,
1177 4015 1219 4077 et
1239 4020 1345 4103 aqna
1363 3983 1598 4072 benedicta.

519 4105 672 4189 Postea
692 4110 908 4195 Diaconos
928 4108 1394 4222 incipiat-antiphonam
1425 4105 1505 4187 alta
1525 4131 1602 4187 vo·

521 4249 570 4309 ce
612 4227 759 4313 {Eece
791 4230 947 4341 lignum
985 4227 1124 4316 Crucis
1162 4291 1172 4315 .
1207 4227 1377 4345 Deinde
1411 4221 1598 4312 Crucem

542 4445 851 4553 ¹(s)Lucaexxrri.
877 4456 1036 4545 34Nan
1087 4471 1265 4545 antequam
1302 4453 1372 4522 hac
1411 4445 1601 4521 recitetur,

524 4560 613 4608 emm
626 4543 752 4644 sciunt,
769 4549 851 4644 quid
859 4547 1013 4631 faciant,
1091 4575 1200 4646 genua
1218 4573 1284 4619 non
1300 4551 1504 4620 flectuntur.

544 4643 606 4743 ,(2)
624 4637 758 4734 Nempe
790 4649 1040 4733 exceptaOra·
1115 4659 1168 4738 (3)
1193 4655 1330 4716 Sanctus
1367 4667 1431 4735 pro
1463 4639 1603 4733 ⁸Agt'os,

526 4747 645 4813 ΝΟΜ,
670 4738 742 4828 quse
768 4768 831 4837 pro
845 4740 1038 4823 judaeorum
1090 4747 1267 4843 quoderat
1283 4744 1317 4814 in
1333 4743 1426 4816 Cod·
1442 4736 1564 4834 posui.

525 4836 747 4915 conversione
763 4844 938 4918 recitatur.
949 4845 1036 4918 Nam
