4284 6125
1032 844 1086 863 ’.ι

450 787 1653 1085 u

815 1368 1255 1449 axettcnrtoe
1480 1366 1566 1460 559

501 1462 570 1551 vel
585 1490 679 1551 cum
697 1458 777 1551 illis
802 1522 817 1563 ,
848 1464 921 1576 qui
941 1463 1192 1553 videbantur
1209 1456 1376 1559 sancti,
1407 1478 1450 1545 et
1467 1492 1568 1573 con·

499 1582 650 1669 firmati
668 1579 712 1667 in
741 1583 819 1669 lide
839 1585 1092 1700 disputando
1111 1643 1125 1684 ,
1155 1602 1197 1664 et
1214 1580 1356 1665 vincet
1375 1576 1469 1667 illos
1492 1638 1505 1678 ,
1524 1603 1568 1665 et

496 1699 570 1785 fibi
606 1698 869 1818 conjunget.
917 1703 968 1788 Et
1002 1701 1100 1814 quia
1128 1699 1301 1785 habebit
1334 1697 1489 1799 talem,
1520 1721 1565 1784 et

497 1842 653 1906 tantam
679 1841 928 1935 potestatem
961 1818 1176 1917 nocendi,
1206 1819 1439 1903 adorabunt
1468 1846 1564 1902 eum

496 1966 643 2025 omnes
661 1938 903 2031 habitantes·
919 1935 964 2025 in
995 1963 1105 2029 tetra
1120 1996 1134 2039 ,
1150 1935 1258 2027 idest
1275 1995 1290 2035 ,
1308 1960 1474 2020 terrena
1492 1964 1565 2023 cu·

493 2055 692 2173 pientes,
723 2086 903 2171 quorum
930 2053 1101 2147 nomina
1128 2086 1214 2145 non
1232 2079 1329 2142 sunt
1345 2052 1501 2165 scripta
1515 2053 1562 2145 iu
1701 2168 1702 2172 Ν

495 2174 606 2264 libro
624 2174 726 2261 virae
750 2233 765 2275 ,
784 2173 895 2265 idest
913 2234 928 2277 ,
944 2205 1124 2289 quorum
1143 2173 1344 2261 memoria
1369 2196 1431 2256 est
1453 2172 1561 2261 dele·

497 2320 536 2381 ta
562 2296 613 2378 de
630 2293 855 2407 praesentia
871 2294 956 2387 Dei
975 2294 1140 2394 Patris,
1174 2291 1245 2406 qui
1267 2317 1328 2378 est
1355 2291 1445 2379 vira
1463 2290 1563 2381 lide.-

495 2412 634 2497 libus.
668 2411 750 2503 Sed
778 2418 893 2526 quod
913 2413 1213 2505 dicituruincer
1242 2443 1310 2499 eos
1343 2469 1358 2512 ,
1390 2438 1476 2497 non
1510 2411 1560 2501 ad

454 2602 463 2619 ..
496 2552 663 2618 sanctos
693 2532 917 2649 pertinet,
950 2532 1021 2646 qui
1059 2561 1146 2619 non
1186 2552 1390 2645 poterunt
1411 2525 1561 2627 vinci,

497 2646 653 2762 quique
669 2676 765 2739 ante
785 2675 985 2765 poterunt
1010 2647 1181 2748 occidi,
1212 2678 1372 2760 quama
1395 2646 1475 2734 lide
1500 2673 1565 2732 se·

495 2770 666 2882 parari;
699 2772 771 2859 sed
789 2770 977 2883 quaedam
1011 2798 1107 2885 pars
1141 2769 1341 2855 malorum
1365 2762 1562 2882 intelligi·

497 2911 599 2984 tur,
630 2917 725 2999 quae
750 2887 907 2976 sociata
939 2912 1001 2977 est
1032 2884 1205 2998 corpori
1241 2883 1435 2984 Christi,
1467 2912 1564 2998 quaa

496 3001 586 3088 sive
603 3002 853 3107 erroribus,
882 3005 974 3095 sive
1001 3004 1293 3098 blandimentis
1321 3002 1435 3094 vinci
1463 3033 1561 3120 pos·

495 3150 539 3207 se
568 3142 756 3211 narratur
790 3187 801 3213 .
843 3124 971 3239 Quod
999 3125 1331 3218 autemdiciture
1348 3124 1563 3212 occiderit·

497 3242 561 3326 los
593 3300 607 3340 ,
638 3245 686 3329 ad
721 3242 897 3332 Sancros
931 3246 1118 3359 pertinet
1149 3302 1163 3344 ,
1194 3272 1301 3356 quos
1332 3242 1564 3328 interficiet

496 3357 675 3447 diversis
693 3361 829 3450 modis
849 3421 864 3460 ,
893 3386 933 3450 et
952 3390 1149 3477 superare
1165 3391 1252 3448 non
1276 3360 1435 3476 poterit
1455 3422 1465 3441 .
1497 3362 1565 3448 lu·

498 3498 562 3562 ter
578 3509 683 3593 quos
701 3504 824 3568 erunt
844 3479 950 3570 Elias
968 3542 981 3582 ,
999 3503 1043 3569 et
1062 3481 1272 3581 Henoch,
1295 3477 1366 3594 qui
1400 3476 1563 3594 abipso

494 3596 760 3687 Antichristo
791 3629 869 3688 nec
902 3601 1167 3699 terroribus,
1198 3628 1276 3687 nec
1309 3599 1565 3702 blandimen·

497 3712 549 3798 tis
582 3717 768 3831 superari
810 3721 894 3809 ullo
934 3723 1061 3810 modo
1093 3740 1296 3835 poterunt
1336 3780 1347 3802 .
1381 3716 1426 3802 Si
1458 3744 1564 3808 vero

496 3857 646 3922 contra
679 3835 816 3953 ipsum
847 3868 1031 3955 pugnare
1057 3841 1251 3927 volumus
1283 3897 1299 3937 ,
1341 3837 1563 3930 habeamur

497 3980 610 4040 arma
638 3957 877 4056 Ecclesiae,
907 3956 1067 4047 scilicet
1098 3958 1254 4056 fidem,
1282 3978 1327 4040 et
1360 3954 1565 4046 innocen.

495 4068 594 4157 tiam
614 4105 629 4175 ;
663 4077 729 4160 vel
752 4079 836 4164 duo
871 4097 1088 4193 praecepta
1114 4073 1360 4175 charitatis,
1392 4073 1459 4162 vel
1477 4075 1564 4162 duo

493 4186 793 4281 Testamenta.
830 4196 938 4283 Hinc
959 4218 1147 4314 pugnant
1174 4193 1349 4296 fideles,
1382 4192 1478 4282 hinc
1497 4191 1562 4278 vi·

496 4330 636 4437 ptores
670 4312 889 4447 erisqunr,
925 4314 1050 4408 eriam
1077 4344 1171 4402 cum
1196 4313 1431 4401 moriuntur
1464 4372 1476 4395 .
1509 4311 1563 4400 Et

495 4422 569 4529 rpsr
588 4430 855 4519 Antichristo
884 4432 1213 4549 praecipietura
1244 4431 1434 4520 Domino
1464 4484 1478 4526 ,
1510 4454 1564 4516 ne

497 4540 618 4629 laedat
636 4548 730 4633 illos
748 4552 986 4665 fideresmui
1005 4550 1218 4664 complent
1237 4571 1451 4664 praecepta
1466 4549 1569 4638 duo»

497 4659 633 4745 decim
655 4666 992 4780 Apostolorum,
1027 4694 1071 4754 et
1098 4668 1321 4753 duodecim
1337 4666 1565 4781 Propheta·

496 4802 588 4861 rum
613 4810 689 4894 per
720 4785 925 4901 geminam
950 4785 1223 4880 dilectionem
1248 4787 1370 4889 Dei,
1399 4810 1442 4894 et
1465 4815 1564 4903 pro·
