4284 6125
551 1387 637 1473 130
785 1370 1052 1442 mutuorum
1081 1370 1366 1436 oretutorturu

542 1505 718 1594 regnum
734 1475 922 1561 celorum
942 1531 953 1552 .
989 1469 1265 1585 Accepetunt
1299 1463 1449 1555 autent¹
1469 1489 1514 1554 et
1531 1463 1616 1558 ite·

542 1620 635 1684 rum
655 1588 865 1701 Spiritum
883 1587 1113 1689 Sanctum,
1130 1615 1217 1703 quo
1235 1587 1412 1707 ligarent
1430 1646 1445 1686 ,
1462 1612 1506 1673 et
1525 1592 1613 1677 sot·

541 1729 694 1795 vetent
712 1736 735 1792 a
754 1706 970 1820 peccatit;
1003 1705 1234 1796 insufflavit
1253 1707 1368 1795 enirn
1393 1709 1611 1799 Dominus

540 1828 586 1916 in
607 1849 713 1924 eos,
744 1849 791 1910 ut
819 1825 877 1912 ait
895 1827 1195 1943 Evangelitta,
1227 1852 1268 1913 et
1285 1827 1392 1915 dixit
1405 1829 1480 1947 (1)
1498 1860 1510 1915 r
1530 1831 1613 1919 Ac·

540 1942 661 2062 cipite
675 1943 869 2064 Spiritum
899 1951 1132 2048 Sanctum,
1167 1978 1342 2065 quorum
1374 1948 1610 2038 remiseritis

534 2087 722 2187 peccatu,
737 2067 1001 2156 remittuntur
1016 2067 1141 2167 eit,et
1155 2098 1329 2186 querum
1347 2066 1612 2170 retinueritis,

539 2206 694 2276 retenta
710 2207 808 2274 tunt
826 2257 836 2278 .
852 2189 1129 2303 Acceperunt
1145 2215 1285 2276 autem
1304 2186 1457 2275 iterum
1472 2187 1546 2305 (u)
1561 2188 1608 2274 in

542 2307 614 2393 die
633 2309 907 2396 Pentecostes
938 2311 988 2396 ad
1010 2307 1145 2395 totius
1176 2305 1383 2422 virtutis,
1414 2332 1457 2410 et
1473 2306 1608 2395 scien·

543 2425 617 2512 tiae
640 2424 980 2539 perfectionem,
1011 2428 1061 2514 ad
1088 2425 1207 2536 cujus
1234 2428 1383 2542 utique
1414 2423 1610 2514 similitu·

540 2543 653 2631 dinis
675 2543 980 2659 perfectionem
999 2548 1075 2666 (3)
1095 2549 1185 2638 haec
1210 2548 1355 2634 ultima
1369 2545 1607 2634 Confirma-

537 2663 605 2750 tio
640 2664 731 2750 fieri
763 2660 970 2776 jubetur.
1004 2669 1054 2752 In
1091 2698 1178 2784 quo
1204 2664 1470 2756 manifestum
1506 2687 1607 2764 est,

538 2783 654 2898 quod
693 2787 773 2873 hoc
818 2787 1132 2876 Sacramentum
1170 2816 1259 2875 uon
1291 2784 1499 2881 iteratur,
1530 2785 1605 2870 ted

537 2926 718 3018 propter
735 2903 846 3015 aliud
865 2938 884 3007 ,·
899 2929 940 2996 et
958 2905 1067 2994 eliud
1087 2910 1208 2994 datur
1229 2967 1239 2990 .
1268 2901 1472 3020 Quamuis
1491 2902 1607 2989 enim

537 3021 658 3139 prius
686 3021 949 3127 invertite,
980 3051 1023 3114 et
1057 3049 1205 3147 postea
1230 3023 1274 3111 in
1305 3023 1445 3109 fronte
1476 3023 1606 3110 homo

537 3142 781 3232 Chritmate
796 3170 1001 3263 ungatur,
1021 3178 1106 3235 non
1129 3171 1267 3232 tamen
1284 3143 1461 3231 iteratur
1484 3141 1611 3230 Chri·

537 3263 680 3351 smatis
702 3262 1050 3369 Sacramentum,
1083 3265 1214 3383 quia,
1246 3290 1292 3355 ut
1327 3262 1519 3380 superius
1547 3261 1611 3347 di·

537 3382 711 3483 ximus,
731 3414 909 3504 propter
926 3388 1069 3487 aliud,
1102 3410 1145 3473 et
1160 3387 1270 3475 aliud
1294 3385 1370 3471 fit.
1399 3366 1518 3472 Sicut
1533 3382 1611 3499 (4)

538 3526 583 3585 et
601 3502 858 3615 Baptismum
887 3507 1032 3593 iterari
1067 3538 1153 3596 non
1173 3506 1384 3603 dicimus,
1416 3534 1512 3590 cnm
1541 3528 1610 3602 to,-

537 3614 619 3701 ties
640 3646 736 3726 pust
759 3621 1016 3731 Baptismum
1042 3656 1148 3740 aqua
1163 3626 1395 3741 spargimur
1408 3623 1509 3737 (5):
1541 3617 1607 3702 Ibi

542 3730 657 3817 enim
677 3730 855 3821 iteratur
875 3737 1190 3832 Sacramentum
1207 3803 1221 3843 ,
1236 3737 1310 3823 ubi
1328 3737 1511 3849 idipsum
1529 3735 1605 3848 (6)

538 3849 693 3936 iterum
713 3854 833 3943 datur
860 3887 1035 3975 propter
1052 3865 1126 3980 (7)
1162 3858 1343 3969 idipsum
1367 3882 1379 3952 ;
1420 3852 1546 3937 veluti
1568 3855 1605 3943 si

539 3968 688 4093 aliquis
711 3975 942 4092 baptizatur
959 3983 1113 4069 iterum
1130 3977 1175 4063 in
1194 3969 1313 4086 aquis
1329 3968 1596 4087 Baptismatis

563 4245 615 4338 (ι)
631 4244 862 4329 loentum.
878 4273 937 4342 23·
1112 4252 1166 4339 (5)
1187 4245 1278 4318 Edit.
1299 4244 1385 4316 Ven.
1414 4262 1449 4317 et
1484 4244 1598 4338 Lugd.

549 4344 616 4431 ¹(2)
633 4345 720 4420 Edit.
742 4351 826 4423 Veu.
858 4366 893 4420 et
920 4342 1032 4440 Lugd.
1085 4361 1309 4442 aspergatur.
1337 4346 1425 4417 Ach.
1458 4364 1532 4413 cum
1549 4358 1601 4424 tuf

535 4459 726 4539 receperunt
740 4450 904 4521 etiterum
923 4493 934 4516 .
1086 4445 1148 4517 tr'es
1166 4465 1255 4542 aqua
1283 4459 1499 4540 aspergamus
1518 4456 1598 4535 pust

556 4550 607 4629 (3)
626 4542 1034 4631 Eduncitaatcujussi-
1088 4545 1322 4643 Baptismunr.
1561 4635 1564 4640 .

533 4639 779 4730 militudinem,
806 4663 841 4719 et
864 4638 1035 4741 significa·
1113 4648 1167 4739 (6)
1185 4641 1279 4715 Edit.
1306 4642 1392 4712 Ven.
1411 4656 1446 4710 et
1479 4637 1602 4728 tugd„

534 4732 680 4809 tionem.
701 4743 790 4814 Ach.
803 4747 846 4815 ad
858 4747 958 4816 totius
972 4744 1036 4813 ita·
1088 4746 1131 4815 ad
1146 4744 1253 4839 iprum
1269 4785 1280 4809 .

533 4852 601 4931 que
642 4834 894 4912 similitudinem
920 4838 1041 4936 ·perfe·
1115 4846 1168 4933 (7)
1187 4846 1329 4931 Propter
1345 4830 1519 4927 posuimus
1544 4855 1595 4913 ex

535 4934 678 5009 ttitrtis.
720 4941 775 5034 (4)
794 4938 883 5008 Ach.
893 4939 942 5008 tie
955 4954 1031 5009 et..
1088 4936 1195 5013 Editt·
1215 4933 1309 5015 Cod.
1321 4946 1478 5037 preter-n
