4284 6125
690 1464 692 1469 Ι
811 1378 1248 1461 ε,κι·ῐ;ῐ·οΑτιο·.
1475 1391 1562 1477 233

471 1509 588 1574 tum
615 1473 903 1567 Benedicomus
929 1475 1105 1567 Domino
1132 1533 1146 1573 ,
1178 1469 1265 1590 nisi·
1293 1470 1338 1559 in
1357 1475 1568 1571 ¹solemni.

499 1601 654 1691 tatibus
675 1598 955 1695 Sanctorum,
989 1591 1190 1705 quoniam
1218 1622 1313 1680 cum
1333 1592 1476 1681 David
1493 1602 1569 1716 (1)

496 1722 700 1811 dicente:
731 1715 966 1805 Benedicom
989 1714 1210 1799 Dominum
1235 1711 1275 1796 in
1292 1715 1404 1799 omni
1417 1735 1569 1835 tctnpof

496 1874 572 1941 re,
603 1842 802 1925 debemus
829 1835 953 1920 etiam
987 1836 1038 1918 de
1068 1832 1246 1932 labore,
1278 1831 1570 1923 &afflictione

498 1958 651 2079 gratias
682 1983 805 2074 agere
826 2014 840 2051 ,
866 1952 907 2041 ἃ
930 1952 1184 2045 benedicere
1220 1948 1403 2042 scientes
1421 2015 1435 2056 ,
1453 1958 1569 2072 quod

497 2081 633 2169 omitia
654 2080 729 2195 (a)
744 2095 1011 2193 cooperantur
1026 2074 1068 2158 in
1097 2072 1270 2158 bonum.

920 2210 1141 2338 cxxu

618 2400 679 2460 na
714 2397 986 2459 samonum
1002 2370 1108 2486 (3),
1139 2396 1197 2455 aa
1220 2398 1309 2478 Quo
1339 2398 1453 2461 uum·

819 2518 821 2523 ·
855 2517 967 2578 tone
999 2516 1219 2578 emmanu
1279 2508 1283 2607 j

620 2669 888 2788 Sexagesima
902 2671 948 2756 in
963 2693 1109 2781 quarta
1123 2667 1226 2757 feria
1252 2670 1454 2786 paschalis
1473 2673 1573 2763 heb·

497 2794 688 2879 domadae
713 2793 857 2883 finitur
880 2821 893 2892 3
924 2792 1048 2877 habet
1068 2813 1208 2883 autem
1239 2789 1330 2904 ipsa
1350 2795 1575 2905 quartale·

494 2912 558 2998 tia
577 2916 794 3026 quamdam
829 2908 1175 2999 convenientiam
1200 2940 1295 2999 cum
1314 2940 1459 3025 quarta
1476 2940 1574 3002 aeta-

487 3054 539 3118 ·te
569 3034 742 3132 mundi,
775 3031 819 3119 in
850 3060 930 3142 qua
959 3027 1102 3116 David
1124 3052 1200 3132 ,et
1227 3029 1427 3121 Salomon
1455 3060 1580 3150 teges.

497 3151 785 3252 nobilissimi,
818 3179 893 3264 per
924 3179 1030 3262 quos
1048 3150 1248 3240 Christus
1277 3150 1474 3266 pacificus
1495 3183 1577 3240 rex

499 3270 787 3382 designatur,
829 3294 1153 3383 regnaverunt.
1205 3275 1299 3384 Ipsa
1338 3298 1442 3360 uero
1473 3294 1575 3360 aetao
1615 3292 1619 3300 '

499 3390 686 3504 gloriosa
713 3388 962 3475 sanctissimi
987 3389 1146 3502 templi
1187 3388 1470 3482 aedificatione
1503 3420 1578 3481 no·

500 3506 691 3594 bilitatur
703 3566 717 3606 ,
730 3537 812 3621 pet
829 3510 941 3620 quod
960 3536 1116 3597 sanctae
1133 3508 1359 3604 aedificatio
1377 3509 1579 3610 Ecclesiae

498 3651 661 3714 nostrae
678 3626 947 3746 designatur.
975 3631 1113 3717 In'hac
1134 3627 1331 3716 Christus
1352 3658 1576 3747 resurgens

498 3778 550 3836 ex
570 3745 776 3846 mortuis,
803 3780 854 3834 ex
884 3752 1050 3835 duobus
1076 3749 1245 3864 populis
1264 3747 1576 3836 nobilissimum

497 3867 598 3954 Deo
626 3864 736 3958 Patri
774 3872 974 3980 templum
1003 3868 1261 3956 aedificavit.
1297 3872 1374 3953 Per
1400 3868 1581 3985 Sexage-

499 3983 645 4074 siuiam
663 3983 777 4070 enim
796 3986 1003 4086 afflictio,
1033 4010 1076 4076 et
1106 3984 1360 4100 poenitentia
1378 3984 1580 4103 exprimi·

499 4129 595 4192 tut.
630 4103 858 4220 Sexaginta
879 4107 1053 4207 viduae,
1082 4137 1256 4221 quatum
1277 4106 1424 4193 vitain
1443 4108 1579 4193 tribu·
1702 4211 1705 4216 .

500 4223 657 4312 latione
677 4223 911 4312 consistit.
947 4224 1188 4314 reseruntur
1212 4259 1225 4326 ;
1259 4224 1417 4315 etenim
1437 4228 1481 4311 in
1505 4224 1581 4334 tti-

502 4341 747 4440 bulatione,
777 4343 821 4431 ἃ
839 4344 1077 4434 afflictione
1094 4348 1232 4436 carnis
1249 4370 1419 4464 peccata
1437 4369 1582 4431 nostra

501 4461 651 4578 lugere.
663 4465 899 4567 debemus,
931 4489 979 4552 ut
1010 4463 1275 4556 omni'sotde
1303 4486 1580 4580 peccatorum

533 4672 589 4756 (ll
605 4665 786 4740 coucam
803 4679 871 4741 Deo
887 4721 918 4743 ..
1067 4670 1126 4744 ubi
1162 4675 1200 4741 dt
1222 4670 1519 4765 'yginqudgesimm
1549 4679 1582 4733 et

531 4772 586 4854 (2)
603 4763 710 4835 Rom.
728 4769 829 4838 vul.
847 4771 905 4838 28.
1070 4770 1352 4862 Qtadragesima.
1367 4760 1580 4833 Amalarium

507 4897 511 4914 ·
531 4868 587 4949 (3)
603 4861 1018 4939 ConferAlcuinumFlac·
1070 4865 1160 4937 lib.1.
1181 4869 1218 4935 de
1232 4863 1357 4934 Eccles.
1376 4857 1437 4948 Off.
1451 4854 1582 4945 capul.

509 4957 717 5032 tumollboll‘
734 4963 1022 5063 DivinoOffiquo
1072 4962 1148 5034 ΠΙ·
1165 4987 1211 5035 lVa
1231 4957 1398 5053 pagologo
1412 4975 1508 5042 seqq·
