4284 6125
1480 1186 1497 1225 ὀ

539 1354 599 1453 90
775 1356 1042 1425 nrvmoanus
1072 1355 1356 1425 sanctonum

972 1508 1168 1598 LXVI.

882 1656 1255 1718 passumus

656 1807 804 1899 Nubes
839 1808 954 1896 euim
982 1809 1175 1900 homines
1202 1833 1299 1897 sunt
1326 1867 1341 1908 ,
1371 1806 1603 1901 dilectione
1681 1899 1683 1903 ,

539 1925 738 2047 frigentes
772 1989 786 2028 ,
822 1927 894 2042 qui
930 1928 1084 2017 etiamli
1110 1929 1406 2018 existimantur
1434 1933 1600 2021 candidi

539 2049 731 2164 puritate
751 2048 1035 2163 Baptismatis,
1051 2077 1139 2137 non
1153 2047 1321 2143 fervent
1338 2046 1489 2165 spiritu
1507 2055 1603 2141 cha·

537 2168 675 2257 sitatis
698 2232 707 2252 .
744 2167 890 2255 Nubes
906 2168 1064 2284 quippe
1082 2166 1296 2257 adultiora
1314 2170 1603 2282 suspenditur,

540 2292 613 2378 sed
633 2292 802 2374 densata
820 2312 952 2373 vento
972 2286 1232 2404 impellitur,
1263 2305 1311 2373 ut
1331 2311 1467 2375 curtat
1488 2319 1502 2394 ;
1534 2321 1600 2379 ca·

536 2409 629 2495 lore
662 2431 799 2493 autern
825 2404 924 2493 solis
960 2405 1233 2524 dissipatur,
1264 2429 1310 2492 ut
1345 2431 1596 2497 evanescat.

540 2526 612 2617 Sic
636 2524 834 2612 nimirum
854 2525 980 2613 corda
1000 2550 1097 2613 suut
1126 2523 1343 2613 hominum
1366 2584 1381 2623 ,
1412 2555 1505 2638 quae
1523 2556 1599 2641 per

537 2672 726 2760 acceptae
750 2641 926 2732 tationis
964 2644 1182 2764 ingenium
1200 2646 1249 2731 ad
1275 2646 1354 2729 alta
1384 2643 1598 2733 emicante

535 2761 713 2881 impulsa
734 2786 870 2851 autem
897 2763 1071 2880 maligni
1092 2763 1266 2879 spiritus
1293 2760 1425 2861 flatu,
1456 2763 1598 2876 pravis

539 2882 848 2973 desideriorum
881 2911 1051 2970 suorum
1096 2879 1283 2967 motibus
1331 2881 1409 2966 huc
1438 2939 1453 2980 ,
1481 2882 1599 2970 illuc·

538 3037 620 3123 que
650 3006 981 3119 pertrahuntur3
1015 3002 1086 3090 sed
1107 2999 1303 3089 districto
1322 3024 1514 3115 respectu
1533 3031 1598 3089 su·

536 3130 660 3243 perni
676 3125 869 3236 Judicis,
902 3121 1018 3235 quasi
1042 3121 1143 3211 solis
1169 3123 1309 3213 calore
1339 3120 1599 3237 liquefiunt,

536 3246 578 3334 o
616 3246 720 3336 locis
755 3243 993 3361 poenalibus
1032 3243 1216 3351 tradita,
1249 3245 1300 3333 ad
1330 3239 1596 3363 operationis

537 3396 660 3454 usum
690 3396 776 3454 non
794 3370 901 3453 ultra
930 3367 1142 3458 redeunt.

962 3547 1167 3634 LXVII.

893 3681 1238 3753 nunonem

626 3841 766 3931 Nubis
785 3839 1066 3960 appellatione
1094 3853 1291 3948 peccator
1308 3824 1593 3943 exprimitur,

541 3960 612 4071 qui
634 3961 882 4047 tentationis
902 3954 1157 4069 impulsione
1176 3975 1495 4037 commovetur.
1510 3949 1592 4035 Vel

539 4079 728 4179 nubem,
762 4105 929 4164 carnem
966 4071 1099 4160 nostri
1121 4068 1423 4180 Redemptotis
1445 4098 1592 4176 possu-

537 4223 629 4281 mus
658 4196 883 4305 accipere3
910 4194 1020 4276 uude
1055 4187 1268 4278 Psalmista
1288 4190 1390 4304 (1):
1416 4187 1500 4298 Qui
1517 4219 1591 4300 po-

537 4317 605 4397 nis
623 4313 763 4394 nubem
778 4337 987 4397 ascensum
1006 4335 1144 4398 tuum.
1162 4307 1273 4425 Quia
1292 4306 1400 4394 sicut
1417 4310 1460 4393 iu
1480 4310 1591 4391 nube

539 4432 728 4517 ascendit
763 4430 914 4530 Deus,
961 4432 1004 4519 ἃ
1039 4435 1166 4517 homo
1204 4491 1218 4531 ,
1264 4429 1319 4513 ita
1362 4429 1590 4514 descendet

531 4549 688 4651 Deus,
718 4548 760 4637 dt
784 4557 909 4637 homo
929 4556 976 4637 ad
1000 4550 1265 4659 judicandum
1289 4579 1300 4649 ;
1335 4561 1445 4661 quod
1467 4544 1591 4631 intel-

535 4664 678 4783 ligitur
697 4670 742 4760 in
765 4677 905 4764 nube.
939 4674 1090 4763 Nubes
1109 4669 1223 4765 enim
1241 4668 1416 4763 inferius
1442 4663 1594 4786 frigida

585 4936 640 5026 (¹)
657 4938 748 5020 Psal.
767 4944 854 5021 cr1l·
871 4961 904 5035 3·

925 5081 934 5176 ,l
