4284 6125
580 1383 669 1501 436
819 1410 1087 1474 ntutuottum
1115 1412 1401 1477 ouutctonnta

580 1500 775 1593 Christus
793 1506 937 1592 veniet
961 1538 974 1609 ς
995 1531 1039 1593 et
1058 1504 1129 1619 qui
1147 1535 1250 1620 pnet
1267 1506 1313 1591 in
1334 1506 1640 1621 ptimo'atiten·

578 1649 624 1711 tu
646 1647 852 1726 venerat,
886 1624 929 1711 in
959 1628 1039 1711 fine
1062 1627 1189 1713 secuti
1205 1624 1339 1737 judex
1359 1624 1459 1715 fiet.
1492 1629 1538 1713 ln
1556 1630 1638 1741 itti·

578 1772 651 1832 mo
677 1746 860 1831 adventu
881 1742 1484 1861 poenitantibus·ptomittitut
1503 1745 1642 1848 venia,

577 1859 625 1951 in
661 1862 804 1951 futuro
840 1890 1096 1951 autemnon
1131 1863 1443 1981 poenitentibus
1478 1863 1644 1951 dabitur

577 2010 741 2099 poena.
775 1986 821 2073 ln
849 1988 986 2098 ptimo
1015 1986 1200 2071 adventu
1217 1981 1415 2071 Christus
1440 1980 1647 2089 judicatur

578 2125 678 2188 ante
694 2102 898 2202 Pilatum,
929 2106 1028 2190 dans
1058 2104 1294 2215 exemplum
1316 2160 1333 2202 ,
1361 2126 1409 2187 ut
1427 2097 1588 2209 judices
1605 2123 1646 2189 to

578 2217 761 2337 ipsum,
789 2222 834 2309 in
868 2225 1053 2309 secundo
1086 2220 1289 2333 judicabit
1323 2221 1563 2305 mundum.
1600 2222 1646 2305 ln

579 2340 723 2457 ptimo
763 2346 945 2428 adventu
972 2365 1067 2457 post
1108 2368 1320 2455 peractam
1349 2336 1646 2455 poenitentiatn

580 2459 747 2575 peccati
784 2485 904 2575 potes
938 2464 1117 2547 evadere
1144 2488 1348 2576 posnam,
1381 2478 1477 2571 post
1500 2486 1648 2545 secun·

581 2578 681 2664 dunt
706 2582 933 2665 adventum
967 2582 1116 2665 nullutn
1145 2578 1308 2693 potetis
1340 2573 1501 2686 assequi
1522 2574 1648 2662 mise·

580 2696 807 2784 ricotdiatn
828 2763 837 2781 .
875 2696 1021 2809 Judica
1040 2726 1142 2818 ergo
1161 2695 1341 2812 teipsum
1357 2694 1400 2780 in
1428 2692 1508 2781 hoc
1526 2720 1649 2780 secu·

579 2814 655 2910 lo,
690 2842 735 2900 ut
754 2816 855 2911 alios
874 2815 1031 2921 judices
1066 2816 1110 2903 in
1128 2814 1303 2903 futuro.
1337 2810 1516 2899 Ptintunt
1534 2812 1644 2897 anti·

582 2932 656 3043 qui
676 2935 748 3049 (1)
767 2939 905 3019 Patres
927 2965 1077 3053 tnagno
1097 2934 1246 3023 affectu
1268 2930 1608 3021 desidttavetunt
1628 2988 1642 3027 ,

578 3057 808 3138 secundum
837 3054 1028 3141 moderni
1056 3058 1197 3142 Patres
1220 3051 1399 3142 ntattitno
1431 3046 1643 3136 desiderio

581 3175 893 3284 concupiscunt
915 3237 924 3258 .

701 3293 767 3378 Ad
785 3292 1062 3408 designandos
1081 3291 1222 3407 itaque
1240 3290 1438 3402 antiquos
1459 3348 1473 3387 ,
1499 3313 1545 3374 et
1561 3314 1645 3372 nto·

581 3411 740 3498 detnos
760 3415 901 3499 Patres
923 3414 1170 3500 constitutae
1203 3433 1299 3499 sunt
1322 3433 1408 3497 ttes
1426 3409 1648 3493 hebdoma-

580 3528 649 3611 ‹1ae
683 3528 726 3613 in
749 3535 965 3615 adventu.
1010 3532 1063 3617 Et
1102 3530 1264 3643 antiqui
1289 3534 1432 3615 Patres
1463 3555 1539 3642 pet
1567 3523 1647 3610 ttia

581 3667 806 3756 tempora,
835 3647 994 3735 scilicet
1012 3672 1110 3737 ante
1137 3651 1287 3765 Legem
1308 3710 1321 3748 ,
1339 3650 1414 3734 sub
1434 3647 1575 3762 Lege,
1607 3664 1649 3728 et

580 3764 659 3846 sub
677 3761 826 3849 Gratia
854 3793 1002 3894 tnagno
1022 3768 1235 3856 desiderio
1254 3770 1434 3882 primunt
1450 3786 1650 3878 expecta·

580 3905 741 3965 vetunt
775 3885 999 3970 adveutum
1039 3919 1052 3988 ;
1105 3915 1149 3973 et
1182 3889 1313 3976 adhuc
1350 3887 1648 4000 praestolantur

582 4001 815 4085 secundum
832 4004 1057 4089 adventurn
1083 4067 1096 4102 ,
1129 4007 1174 4093 in
1192 4006 1403 4114 majestate
1431 3999 1640 4086 videlicet.

580 4115 633 4206 Et
662 4121 852 4205 moderni
874 4122 1013 4206 Patres
1043 4153 1117 4236 pet
1152 4147 1238 4211 tres
1274 4120 1472 4238 temporis
1495 4115 1647 4202 distin·

583 4235 750 4326 stiones
771 4268 919 4357 magno
937 4239 1086 4329 affectu
1105 4243 1333 4346 secundum
1350 4238 1647 4358 ptaestolantut

611 4477 667 4561 (a)
687 4473 823 4569 Moyses
855 4475 999 4566 primum
1030 4482 1091 4551 nd·
1140 4528 1164 4564 ‚‚
1181 4485 1365 4555 secundum
1392 4478 1571 4548 adventum
1587 4472 1651 4541 de·

582 4589 758 4648 „ventum
774 4575 903 4646 Christi
917 4579 1093 4650 denuntia·
1140 4626 1164 4660 ,,
1179 4579 1364 4656 nuntiavit,
1379 4593 1413 4646 tt
1426 4566 1651 4662 Evangeliutn

582 4708 608 4743 2,
624 4665 1017 4768 vittdicettssl‘rophetam
1030 4699 1087 4744 su·
1136 4676 1304 4757 „Christi
1326 4692 1377 4744 est
1398 4666 1620 4763 praedicatum
1636 4713 1649 4746 2

583 4803 610 4840 ,‚
625 4763 759 4835 scitant‘t
783 4771 941 4840 Dominus
968 4775 1005 4842 de
1028 4775 1089 4842 trt‘·
1136 4817 1160 4853 „
1178 4791 1212 4843 et
1227 4774 1367 4848 Enoch,
1388 4766 1445 4858 qui
1466 4762 1649 4835 translatus

581 4856 684 4937 „bus
709 4865 776 4934 viis
800 4912 812 4946 ,
844 4881 1013 4963 tamquam
1039 4891 1091 4940 me
1139 4915 1163 4946 „
1178 4887 1229 4938 tst
1253 4871 1295 4938 ad
1321 4863 1652 4943 Dominuu.„1ta

579 4996 606 5035 n
624 4956 731 5054 ipsum
755 4962 928 5036 audieritis
949 4991 967 5042 ·.
1000 4965 1091 5048 Elias
1138 4963 1173 5036 iu
1185 4963 1360 5057 margine,

488 5067 533 5093 Ᾰ
