4284 6125
550 1222 647 1345 ἴω
784 1273 1054 1335 nrvnronusr
1084 1274 1369 1337 orsrcrortutr

664 1370 811 1452 Potest
828 1394 997 1478 quoque
1032 1389 1173 1451 sextus
1204 1367 1324 1464 dies,
1356 1364 1506 1476 inquo
1530 1371 1610 1458 du·

545 1490 661 1605 plum
680 1481 819 1598 colligi
836 1481 1033 1592 jubetur,
1065 1507 1221 1570 sextam
1241 1482 1404 1569 scilicet
1419 1507 1610 1590 aetatem,

541 1610 589 1701 iu
608 1632 689 1715 qua
704 1630 844 1688 sumus
877 1630 989 1687 nunc
1010 1659 1025 1700 ‚
1052 1599 1321 1718 significare3
1354 1602 1398 1686 in
1417 1605 1609 1717 quinque

543 1721 656 1813 enim
688 1718 870 1818 diebus,
902 1721 979 1807 hoc
1012 1743 1116 1820 est,
1148 1719 1381 1835 praeteritis
1414 1721 1606 1838 quinque

541 1836 740 1932 aetatibus
765 1835 931 1937 seculi,
962 1835 1124 1927 scilicet
1149 1844 1200 1925 ab
1227 1841 1363 1926 Adam
1397 1870 1530 1954 usque
1558 1841 1606 1929 iu

541 1959 781 2057 diluvium,
811 1987 834 2042 a
858 1955 1020 2043 diluvio
1048 1987 1181 2071 usque
1209 1956 1255 2045 in
1275 1961 1521 2061 Abraham,
1553 1964 1605 2048 ab

541 2080 755 2169 Abraham
773 2105 904 2188 nsque
929 2073 974 2161 iu
991 2077 1178 2189 Moysen
1197 2137 1216 2195 ,U
1241 2109 1263 2164 a
1294 2079 1454 2192 Moyse
1473 2109 1606 2192 usque

541 2196 590 2287 iu
613 2193 792 2295 David,
822 2192 1002 2280 aDavid
1022 2196 1215 2310 usquein
1236 2196 1485 2297 Christum,
1523 2227 1604 2312 pro

543 2311 726 2404 terrenis
752 2311 987 2401 commodis
1026 2320 1252 2402 servabant
1287 2317 1479 2405 homines
1509 2375 1524 2415 ,
1555 2337 1607 2402 ut

541 2437 871 2530 manducarent,
904 2434 1016 2519 bona
1053 2458 1180 2523 terrae
1216 2437 1317 2553 (1).
1353 2437 1478 2535 Nos,
1511 2434 1606 2547 qui-

541 2556 619 2642 bus
638 2581 724 2638 uon
746 2575 943 2650 terrena,
976 2552 1048 2638 sed
1082 2556 1248 2642 caeleste
1267 2553 1490 2667 praemium
1520 2556 1605 2640 Re·

539 2700 667 2790 gnum
685 2668 974 2782 promittitur,
991 2669 1035 2755 in
1056 2673 1130 2761 hac
1152 2676 1220 2759 die
1238 2699 1387 2772 sexta,
1421 2673 1500 2758 boc
1520 2691 1604 2771 est,

538 2819 562 2876 a
588 2788 758 2877 Christo
784 2791 986 2901 usquead
1004 2790 1132 2879 finem
1158 2791 1288 2881 seculi
1322 2791 1493 2905 duplum
1513 2791 1602 2876 col-

537 2907 737 3027 ligimus,
768 2905 867 3021 quia
897 2936 985 2994 uon
1014 2910 1149 2997 solum
1175 2909 1219 2997 in
1252 2907 1494 3025 praesenti,
1527 2910 1599 2994 sed

538 3052 581 3115 et
597 3028 641 3118 in
657 3028 803 3116 futuro
828 3024 1020 3142 requiem
1047 3027 1172 3117 nobis
1194 3058 1507 3146 praeparamus.

656 3149 786 3265 Quod
805 3169 942 3236 autem
974 3150 1025 3236 de
1050 3149 1213 3239 Manna
1238 3148 1491 3238 ebullierunt
1509 3176 1602 3233 ver·

535 3297 657 3369 mes,
689 3293 833 3385 potest
858 3266 1078 3387 intelligi,
1109 3289 1158 3357 ut
1194 3269 1375 3360 diximus
1402 3330 1416 3370 ,
1449 3292 1493 3356 ut
1529 3263 1602 3379 qui

534 3411 634 3497 post
655 3386 900 3503 susceptum
932 3394 1111 3478 verbum
1130 3390 1218 3479 Dei
1236 3412 1414 3506 peccat,
1447 3386 1603 3472 efficia·

536 3521 604 3585 tut
631 3523 674 3586 et
700 3503 839 3613 ipsum
871 3512 1049 3592 verbum
1066 3507 1153 3590 Dei
1186 3508 1372 3603 vermis,
1406 3505 1477 3613 qui
1508 3502 1598 3608 ejus

532 3618 1020 3728 semperconscientiam
1035 3618 1196 3712 fodiat,
1227 3638 1600 3725 etarcana-pecto·

532 3730 592 3821 ris
613 3731 838 3822 corrodat.
873 3736 1137 3849 Quamquam
1156 3750 1200 3810 et
1218 3728 1375 3815 vermis
1392 3728 1448 3813 sit
1467 3728 1598 3816 Chri·

531 3873 652 3952 stus,
683 3850 778 3966 ipso
805 3854 1006 3966 loquente
1024 3847 1128 3965 (n):
1161 3846 1252 3964 Ego
1289 3875 1395 3934 sum.
1414 3848 1558 3936 vermis
1579 3910 1594 3950 ,
1620 3950 1622 3953 ⁴

530 3989 572 4066 et
585 3997 674 4058 nort.
686 3975 804 4056 nomo
822 4031 837 4068 ,.
873 3968 994 4054 Sicut
1011 3965 1125 4052 euim
1142 3963 1234 4078 ipse
1251 3989 1316 4051 est
1335 3965 1426 4054 aliis
1444 3967 1488 4054 in
1510 3971 1596 4056 rui·

531 4117 659 4186 narn,
690 4084 782 4172 aliis
798 4086 844 4172 in
864 4083 1220 4174 resurrectionem
1242 4117 1255 4188 ;
1287 4086 1345 4172 ita
1370 4110 1412 4172 et
1438 4086 1596 4202 ipsein

528 4204 693 4296 Manna
726 4204 919 4309 fidelibus
938 4203 1109 4312 quidem
1141 4206 1320 4291 dulcedo
1339 4206 1497 4307 mellis,
1532 4209 1594 4294 in·

528 4320 723 4410 fidelibus
742 4322 900 4409 vermis
913 4321 1119 4412 efficitur.
1139 4322 1336 4413 Christus
1349 4323 1460 4408 enim
1480 4356 1595 4410 com-

531 4464 702 4558 paratur
728 4441 898 4549 vermi,
929 4470 1106 4560 propter
1126 4443 1325 4531 nascendi
1358 4440 1593 4551 similitudi·¹

555 4629 708 4728 ¹(1)Non
731 4657 849 4707 omnes
867 4635 1028 4729 quidem,
1080 4633 1212 4706 Christi
1238 4635 1420 4704 adventum
1433 4626 1591 4721 plerique

528 4726 590 4794 sed
615 4728 672 4819 qui
692 4735 877 4804 secundum
893 4755 1027 4806 carnem
1076 4730 1158 4817 iusti
1172 4729 1331 4803 fuerunt.

528 4815 689 4902 Israelita
701 4872 714 4903 .
728 4830 821 4910 Nan
833 4831 935 4910 etiarn
950 4848 1026 4926 ante
1099 4834 1157 4931 (a)
1173 4824 1261 4924 Psal·
1274 4847 1356 4905 xxi·
1373 4845 1408 4926 7·
