4284 6125
564 1424 650 1479 100
789 1384 1054 1458 nsvtuoauss
1075 1373 1367 1439 -orrtcroaust
1436 1354 1442 1365 '

558 1510 652 1591 Hoc
670 1489 780 1578 enim
798 1487 856 1571 sal
872 1487 1005 1597 prirna
1032 1468 1128 1557 fidei
1164 1469 1418 1558 documenta
1451 1465 1617 1590 signias

556 1640 659 1706 cat,
696 1602 778 1686 fine
812 1625 992 1711 quorum
1019 1587 1298 1677 condimento
1339 1587 1521 1679 insulsus
1544 1618 1612 1680 est

553 1719 689 1810 omnis
719 1721 845 1804 homo
869 1777 879 1797 .
914 1709 1192 1796 Postmodum
1225 1737 1330 1798 vero
1348 1737 1469 1797 nates
1487 1708 1577 1822 ejus
1594 1772 1615 1814 „

550 1861 592 1923 et
611 1865 732 1923 aures
766 1831 892 1921 saliva
908 1829 981 1945 (1)
1007 1828 1175 1947 sahgit3
1209 1831 1325 1942 quod
1347 1826 1439 1944 ipse
1457 1830 1612 1917 Domi·
1662 1846 1665 1851 '

547 1983 660 2053 nus,
695 1977 738 2038 et
754 1950 945 2035 Salvator
965 1972 1114 2035 noster
1132 1967 1235 2035 tunc
1255 1946 1380 2036 nobis
1395 1948 1613 2065 exposuit,

549 2074 717 2185 quando
736 2062 878 2152 exiens
896 2067 948 2152 de
966 2065 1121 2156 finibus
1137 2064 1316 2180 Tyri,et
1333 2066 1513 2156 veniens
1532 2097 1610 2183 per

550 2191 752 2278 Sidonem
771 2186 821 2272 ad
847 2215 960 2272 mare
979 2186 1170 2275 Galilaeae
1205 2186 1369 2277 sanavit
1393 2185 1610 2275 hominem

548 2306 758 2402 surdum,
792 2323 838 2390 et
862 2327 1025 2394 mutum
1055 2337 1069 2410 ;
1101 2335 1293 2423 expuens
1327 2305 1442 2394 enirn
1465 2305 1609 2422 tetigit

545 2426 731 2539 linguam
765 2421 895 2532 ejus,
940 2446 986 2513 et
1025 2452 1191 2541 ponens
1231 2423 1391 2545 digitos
1418 2454 1516 2515 suos
1555 2425 1611 2533 'in

544 2540 749 2631 auriculas
765 2542 872 2654 ejus,
884 2542 995 2633 dixit
1014 2575 1027 2631 s
1050 2547 1253 2663 Epiphera
1267 2548 1408 2660 ,quod
1426 2572 1490 2633 est
1507 2550 1608 2633 ndu·

539 2660 710 2779 perire.
752 2664 807 2751 Er
832 2665 1005 2764 statim,
1035 2690 1083 2751 ut
1114 2664 1173 2753 ait
1206 2663 1468 2781 Evangelista
1499 2667 1608 2781 (2),

542 2802 695 2900 apertae
708 2804 804 2872 sunt
819 2814 941 2873 aures
954 2845 969 2903 2
982 2805 1023 2873 et
1037 2787 1219 2875 solarum
1234 2807 1296 2877 est
1312 2785 1515 2870 uinculum
1531 2786 1608 2869 lin·

540 2933 641 3018 grtae
656 2901 778 3017 ejus,
809 2926 850 2990 et
873 2906 1118 3021 loquebatur
1131 2926 1264 2994 recte.
1302 2903 1440 2988 Saliva
1475 2902 1607 3020 igitur

544 3018 712 3109 Christi
732 3022 998 3143 dulcedo(3)
1017 3027 1251 3114 verborum
1266 3020 1541 3111 defluentium
1558 3053 1610 3110 ex

545 3167 626 3226 ore
663 3141 861 3244 Christi,
893 3170 935 3231 et
971 3146 1061 3260 ipsa
1089 3144 1308 3234 Divinitas
1337 3143 1498 3231 Christi
1532 3173 1612 3230 nos

549 3259 674 3347 satiat
690 3262 766 3381 (4)
786 3328 814 3361 ..
829 3264 967 3354 Nares
982 3266 1127 3381 itaque
1145 3264 1234 3376 ejus
1257 3266 1332 3384 (5)
1349 3288 1577 3383 tanguntur
1598 3327 1610 3362 ,

547 3406 599 3467 ut
615 3382 822 3469 Divinam
839 3384 1042 3483 virtutem
1060 3386 1294 3503 suscipiant
1313 3444 1325 3483 ,
1357 3416 1438 3500 qua
1456 3388 1614 3472 bonurn

548 3527 574 3585 a
609 3504 716 3588 malo
758 3501 1004 3595 discernant
1038 3511 1215 3595 odorem
1248 3566 1262 3607 ,
1294 3524 1339 3590 et
1368 3535 1506 3597 sanam
1540 3506 1614 3586 do·

548 3618 730 3705 aninam
760 3650 952 3740 separate
981 3628 1149 3714 valeant
1166 3629 1217 3711 ab
1241 3624 1370 3709 odore
1400 3620 1614 3706 haereticae

549 3736 775 3849 pravitatis
807 3810 817 3827 .
854 3745 966 3833 Hinc
992 3744 1107 3829 enirn
1125 3738 1326 3829 Ecclesiae
1343 3737 1496 3821 dicitur
1515 3734 1612 3849 (6):

548 3853 694 3944 Nasus
726 3880 821 3949 ttttts
848 3863 955 3953 sicut
985 3862 1110 3951 turris
1130 3855 1303 3951 libani,
1336 3886 1428 3970 quae
1455 3853 1615 3967 respicit

547 3997 689 4063 contra
709 3980 972 4073 Damascum.
985 3983 1235 4095 Tanguntur
1252 3995 1389 4058 autem
1406 3996 1447 4058 et
1464 3999 1614 4071 auree,

551 4114 599 4180 ut
617 4097 1031 4213 verbisEvangelicis
1048 4119 1233 4210 pateant,
1246 4116 1291 4178 et
1310 4121 1450 4190 vanas,
1463 4114 1504 4178 et
1522 4091 1613 4174 inu-

552 4210 648 4303 tiles
667 4215 826 4306 fabulas
851 4245 873 4301 a
898 4244 942 4302 se
973 4215 1178 4331 repellant
1205 4247 1219 4319 ;
1254 4211 1521 4327 Corrumpunt
1540 4211 1613 4327 (7)

571 4460 627 4541 (ι)
644 4447 750 4520 Editt.
768 4472 842 4520 cum
855 4449 991 4523 saliua·
1110 4456 1189 4526 cedo
1206 4451 1385 4525 uerborum
1399 4452 1461 4521 Dei
1474 4465 1537 4521 erc.

572 4556 627 4632 (2)
646 4541 755 4614 Marci
765 4549 1059 4643 cap.vsl·ver.35.
1135 4558 1189 4649 (4)
1205 4552 1296 4625 Edit.
1323 4550 1411 4621 Ven.
1438 4565 1472 4620 et
1498 4548 1612 4643 Lugd-

549 4639 609 4722 ubi
628 4661 726 4708 aures
742 4643 838 4729 eius,
864 4652 955 4743 quod
973 4652 1062 4745 pari·
1110 4668 1231 4723 sanat.

550 4751 604 4805 ter
619 4738 744 4811 habent
757 4743 862 4819 Editt.
1135 4756 1190 4842 (ς)
1210 4748 1315 4821 Editt.
1341 4747 1398 4817 εἰ.

573 4842 630 4930 (3)
649 4837 740 4913 Edit.
771 4840 859 4922 Veh.
888 4864 922 4921 et
941 4849 1054 4944 lugd.
1132 4854 1185 4941 (6)
1203 4846 1341 4919 Cantic.
1358 4843 1476 4941 vtl.4.
1584 4908 1588 4914 .

551 4934 687 5018 dulcedo
704 4964 755 5022 err
769 4964 832 5024 etc.
861 4950 953 5025 Ach.
981 4948 1056 5025 dul·
1127 4952 1185 5051 (7)
1199 4945 1229 5021 1.
1244 4945 1331 5021 Cor.
1345 4967 1404 5021 xv.
1420 4966 1439 5044 3
1445 4965 1483 5045 3.
1608 5019 1612 5030 ,
