4284 6125
837 1398 1279 1492 exenrcs‘rro.
1520 1374 1669 1496 339'

525 1506 637 1593 Nom
656 1501 692 1588 si
708 1520 803 1586 sont
831 1501 902 1620 qni
917 1499 1119 1587 dicontur
1135 1492 1192 1578 dii
1209 1490 1330 1578 molti
1346 1552 1359 1591 ,
1389 1512 1430 1579 et
1457 1497 1613 1584 domini

524 1626 649 1710 molti
668 1653 680 1723 ;
714 1619 825 1706 nobis
845 1643 985 1705 tomen
1014 1644 1121 1701 onus
1141 1613 1254 1697 Deos
1276 1617 1499 1698 credendus
1513 1637 1611 1720 est,

525 1745 598 1858 qui
613 1740 762 1829 creavit
788 1741 922 1824 omnin
946 1802 957 1821 .
996 1731 1128 1820 Multi
1148 1731 1261 1816 enim
1281 1730 1474 1817 Gentiles
1494 1791 1508 1833 ,
1527 1737 1612 1823 ‹1ae-

528 1891 676 1948 mones
694 1860 804 1945 Deos
822 1879 997 1954 vocant,
1016 1878 1086 1939 aut
1106 1877 1222 1938 certe
1241 1851 1440 1968 Angelos,
1457 1853 1611 1966 quibus

528 1980 730 2095 regendas
750 2001 894 2093 gentes
916 1971 1248 2073 commiseront3
1272 1971 1472 2085 appellari
1491 1976 1612 2075 deos,

530 2102 598 2183 vel
630 2096 830 2184 dominos
865 2114 1067 2192 constat,
1101 2092 1203 2175 deos
1237 2089 1353 2201 quasi
1377 2091 1513 2179 aDeo
1541 2096 1610 2181 da·

529 2241 596 2302 tos
634 2273 649 2314 ,
679 2215 878 2302 dominos
921 2212 1039 2325 quasi
1072 2239 1095 2294 a
1128 2208 1322 2296 Domino
1353 2238 1611 2325 acceperunt

529 2357 783 2449 potestatem
805 2397 815 2418 .
848 2331 1004 2421 Statuit
1022 2331 1097 2446 (r)
1111 2327 1232 2426 enirn,
1243 2327 1402 2441 inquit,
1416 2333 1609 2421 terminos

522 2455 769 2571 populorum
804 2451 935 2567 juxto
972 2479 1181 2536 rromerom
1216 2445 1467 2567 Angelorum
1494 2453 1604 2539 Del.

532 2571 630 2658 Non
657 2572 730 2689 (2)
750 2570 882 2682 facies
906 2570 977 2663 tibi
1003 2568 1188 2684 sculptile
1218 2625 1231 2663 ‚
1278 2598 1408 2684 neque
1445 2599 1607 2659 omnem

529 2689 832 2778 similitudinem
869 2759 880 2780 .
934 2688 1063 2775 Aliud
1099 2709 1162 2773 est
1197 2684 1334 2775 secere
1372 2687 1606 2805 sculptile,

526 2809 637 2894 aliud
682 2809 1050 2910 similitudinem
1098 2804 1292 2923 sculptile
1342 2807 1455 2893 enirn
1505 2808 1606 2896 facit

526 2929 600 3038 qui
633 2931 749 3042 quod
782 2930 961 3015 omnino
1002 2953 1090 3011 non
1124 2948 1220 3025 est,
1249 2923 1350 3015 facit
1376 2987 1391 3027 ,
1419 2930 1493 3013 sed
1515 2951 1609 3015 tan·

528 3072 617 3131 turn
666 3049 714 3135 ad
756 3044 1054 3137 inventionem
1098 3045 1238 3132 cordis
1286 3044 1350 3132 sui
1399 3047 1606 3138 maehina·

528 3162 954 3265 tur3similitudinem
973 3194 1080 3282 vero
1096 3163 1196 3251 facit
1211 3165 1283 3278 qui
1302 3163 1474 3277 alicujus
1489 3228 1502 3267 ,
1515 3197 1600 3284 vrg.

527 3284 814 3395 quadrupedis
846 3345 860 3382 ‚
890 3286 959 3374 vel
991 3281 1205 3393 serpentis
1236 3339 1253 3382 ,
1283 3285 1351 3367 vel
1378 3284 1467 3372 avis
1492 3318 1505 3391 3
1536 3312 1608 3376 aut

525 3400 600 3512 qui
627 3402 730 3488 iacit
765 3402 950 3492 hominis
983 3399 1332 3486 simiiitudinern.
1376 3402 1478 3492 Non
1508 3407 1607 3491 ado·

526 3517 641 3605 rabis
686 3549 777 3620 ea,
814 3550 951 3635 neque
1000 3520 1158 3607 coles.
1206 3517 1402 3614 Aderant
1452 3524 1608 3632 multi„

525 3637 627 3723 licet
643 3637 805 3739 invisi,
837 3665 908 3727 ent
928 3638 1080 3726 timore
1103 3637 1319 3739 cunctati,
1337 3664 1406 3727 aut
1423 3671 1499 3756 per
1516 3672 1608 3734 ava·

524 3754 665 3844 ririem
686 3759 855 3874 decepti
879 3758 1074 3852 ,Colunt
1092 3784 1228 3846 autem
1248 3759 1320 3872 qui
1343 3781 1438 3847 toto
1455 3762 1608 3854 affectu

524 3900 820 3978 venerantur,
851 3875 1164 3969 obscurissimis
1201 3877 1511 3989 quaestionibus
1540 3913 1608 3970 re·

521 3994 709 4082 tarda-ti.
743 3996 1010 4096 Desideratus
1044 3996 1268 4084 brevitatis
1286 4000 1456 4103 modum
1483 4029 1608 4088 exce·

524 4113 662 4198 dimus
684 4179 694 4198 .
731 4114 827 4202 Noo
852 4118 1044 4205 adorabis
1062 4118 1170 4206 Deos
1187 4116 1374 4218 oiieoos,
1407 4119 1489 4206 hoc
1506 4142 1607 4226 e-stx,

522 4260 611 4319 non
634 4235 828 4323 adorabis
847 4235 990 4337 vitia,
1017 4236 1112 4332 ,sive
1142 4236 1187 4324 in
1202 4237 1526 4353 gastrimargia,
1556 4264 1606 4324 ut

1277 4354 1367 4441 ΥΞ

561 4555 613 4637 (1)
634 4553 826 4628 Deuteron.
851 4557 981 4628 xrxrl.
1004 4557 1039 4627 8.
1090 4553 1195 4648 Vulg.
1237 4558 1417 4629 constituit
1452 4562 1608 4630 terminos

526 4646 650 4718 Versio
666 4676 748 4724 ixx·
765 4654 946 4725 constituis
971 4667 1040 4723 rer·
1086 4653 1286 4750 populorum
1314 4658 1412 4739 iuxta
1427 4678 1604 4726 numerum

524 4744 632 4813 minos
664 4751 815 4840 gentium
856 4752 1037 4822 secundum
1083 4747 1234 4836 filiorum
1252 4753 1383 4824 lsrael.

519 4860 698 4916 numerum
721 4847 931 4942 Angelorum
949 4848 1036 4931 Dei,
1094 4857 1166 4945 ·-(2)
1180 4848 1291 4922 Exod.
1306 4875 1363 4924 xx.
1376 4877 1413 4947 4.
