4284 6125
514 1475 516 1480 ,
843 1388 1286 1458 nxeL1cAT1o;

538 1483 720 1578 cultibus
750 1489 1074 1605 mancipantur,
1106 1491 1223 1601 quasi
1256 1477 1483 1586 Nazaraei,

536 1634 644 1709 est,
673 1608 845 1706 Sancti,
893 1608 1012 1698 crine
1051 1607 1249 1723 deposito
1290 1605 1493 1693 invenian

537 1726 648 1815 sicut
668 1729 717 1813 ad
735 1726 998 1814 Ezechielem
1019 1726 1174 1815 dicitur
1192 1727 1266 1846 (1)
1285 1757 1298 1812 z
1329 1725 1409 1813 Fili
1422 1729 1493 1812 bon

534 1875 652 1934 sume
684 1847 874 1965 gladium
905 1867 1070 1934 acutum
1102 1904 1117 1947 ,
1151 1852 1301 1955 aduc
1326 1875 1448 1962 super
1477 1873 1493 1932 c

535 1984 655 2051 tuum
679 2024 694 2064 ,
725 1987 766 2052 et
792 1967 991 2052 barbam.
1024 1969 1073 2079 ln
1094 1964 1255 2052 actibus
1273 1963 1387 2051 enim
1406 1963 1493 2079 Ap<

537 2084 676 2170 lorum
692 2083 768 2202 (2)
783 2082 1044 2183 Priscillam,
1078 2103 1122 2169 et
1139 2082 1337 2199 Aquilam
1366 2085 1446 2171 hoc
1475 2080 1493 2166 f

539 2230 585 2291 se
617 2202 820 2320 legimus.
855 2203 1001 2297 Paulus
1024 2230 1233 2318 quoque,
1265 2223 1309 2292 et
1327 2201 1397 2299 alii
1431 2199 1493 2316 qui

539 2319 739 2436 discipuli
768 2320 932 2410 Christi
950 2324 1030 2412 hoc
1049 2322 1242 2413 fecerunt
1262 2384 1273 2423 2

952 2498 1186 2588 XCVII.

851 2644 927 2706 nn
975 2642 1307 2706 NAzARAE1s

659 2794 836 2904 jubetur
870 2796 946 2915 (3)
989 2798 1104 2891 enirn
1135 2791 1390 2895 Nazaraeis,
1442 2810 1492 2881 ut

1291 2914 1347 3003 Μ

572 3108 628 3193 (ι)
642 3103 765 3174 Ezech.
777 3126 812 3174 v.
832 3127 864 3174 1.
891 3113 934 3175 Et
947 3120 983 3175 tu
996 3104 1049 3191 fili
1098 3155 1121 3189 ‚,
1137 3127 1204 3177 non
1221 3103 1361 3183 bibant,
1378 3126 1420 3173 ne
1434 3149 1444 3183 ,
1456 3124 1493 3171 cu

548 3198 688 3269 hominis
703 3222 795 3269 sume
819 3200 884 3272 eibi
897 3201 1048 3296 gladium
1097 3253 1123 3288 ‚,
1140 3202 1253 3278 berint
1267 3250 1277 3281 ,
1289 3196 1493 3271 obliviscant

547 3311 683 3370 acutum
699 3300 865 3370 radentem
877 3299 989 3395 pilos,
1017 3316 1049 3371 et
1100 3350 1123 3386 ‚‚
1137 3300 1292 3395 pientiae.
1305 3296 1402 3393 Qid
1420 3317 1493 3388 erg<

548 3414 808 3475 assummum,
833 3410 865 3467 et
883 3398 979 3468 duces
1015 3421 1051 3469 er
1099 3448 1124 3484 ‚‚
1143 3419 1327 3473 zaraeorum
1353 3391 1488 3466 nomine

550 3504 653 3587 caput
668 3505 762 3576 tuum
776 3537 789 3574 ‚
803 3506 909 3591 ceper
919 3413 1055 3582 berlum
1105 3546 1129 3581 „
1144 3492 1380 3579 abstinentium
1393 3540 1405 3585 2
1432 3514 1493 3561 con

550 3603 645 3659 mm
662 3635 672 3657 ·
1105 3643 1130 3679 ‚,
1146 3597 1300 3686 tiumque
1314 3590 1384 3662 vita
1393 3588 1493 3681 desig:

575 3691 629 3776 (2)
647 3684 847 3776 Capmll.
863 3688 997 3761 vemss.
1108 3741 1132 3775 „
1145 3693 1210 3765 His
1220 3689 1342 3762 invino
1354 3686 1488 3759 luxuria

573 3789 628 3876 (3)
647 3782 682 3852 S.
697 3780 847 3854 Isidorus
859 3787 1057 3860 Comment.
1107 3794 1250 3872 „betur
1272 3836 1283 3868 ,
1309 3788 1342 3857 in
1370 3785 1480 3856 sicera

548 3878 585 3952 in
597 3881 705 3951 Num.
722 3903 819 3974 capa
831 3884 879 3955 11.
895 3907 1059 3981 pag.474.
1109 3933 1135 3970 „
1153 3885 1309 3978 voluptas
1323 3902 1479 3954 terrena.

551 3975 598 4049 ita
611 3975 763 4069 plenius:
776 4026 799 4060 ,‚
815 3979 1060 4074 jubeturquo·
1108 3986 1240 4067 „enim
1260 4005 1301 4054 ex
1318 3980 1454 4051 diverso
1467 4001 1493 4048 c«

549 4120 576 4158 „
590 4099 655 4169 que
670 4073 706 4147 in
720 4078 784 4146 hac
805 4079 1053 4152 mansioneNa·
1103 4129 1127 4163 „
1144 4100 1201 4153 tur
1230 4099 1353 4172 genere
1381 4124 1393 4158 ‚
1423 4075 1493 4147 sicu

550 4221 577 4255 „
590 4172 702 4245 zataeis
717 4220 729 4255 ‚
747 4190 787 4244 ut
802 4174 921 4248 vinum
935 4224 947 4260 ‚
959 4193 996 4247 et
1009 4176 1054 4247 si·
1104 4225 1129 4261 „
1146 4179 1255 4270 luptas
1283 4200 1325 4247 ex
1356 4174 1493 4245 diversa

550 4316 578 4351 „
593 4291 729 4353 ceram,
760 4286 796 4341 et
819 4295 945 4354 omne,
964 4275 1058 4367 quod
1106 4323 1131 4358 ,‚
1148 4298 1222 4347 rum
1237 4272 1351 4344 oritur
1364 4270 1493 4364 passion

553 4410 580 4449 „
597 4366 639 4436 de
652 4368 728 4437 uvis
745 4385 797 4439 est
810 4416 822 4452 ,
835 4393 902 4442 non
917 4370 1058 4453 bibant,
1106 4371 1237 4456 „enim
1254 4371 1372 4441 viuum
1399 4368 1493 4438 nonh

554 4484 655 4545 „nec
680 4466 863 4538 comedant
888 4515 900 4549 ‚
926 4460 997 4540 nec*
1016 4468 1059 4539 de
1107 4518 1132 4554 „
1148 4486 1183 4542 et
1207 4467 1350 4539 siceram
1381 4464 1493 4535 bibunt

553 4580 662 4642 „tm
692 4562 830 4655 quidem
859 4587 977 4656 passu
1002 4562 1058 4636 vel
1108 4616 1134 4650 ‚,
1150 4569 1191 4638 ad
1219 4560 1440 4653 decipiendos
1459 4563 1493 4629 h<

554 4702 581 4738 κ
599 4670 761 4742 acetum,
778 4663 871 4755 quod
884 4679 936 4734 est
949 4685 991 4734 ex
1004 4661 1059 4732 vi·
1109 4712 1135 4748 ‚,
1149 4662 1289 4735 umbras
1303 4659 1493 4748 quasdam*

553 4800 581 4835 ‚‚
596 4774 662 4829 no.
682 4755 748 4828 Sed
768 4777 802 4831 et
817 4759 849 4830 in
863 4757 1061 4830 Proverbiis
1111 4762 1251 4855 „gines
1292 4753 1449 4823 simulant
1489 4753 1493 4817 l

551 4897 580 4936 υ
594 4851 819 4945 praecipitur,
837 4873 876 4927 ut
890 4872 1059 4949 potentes,
1109 4907 1135 4942 „
1155 4856 1325 4932 virtutum
1341 4895 1351 4917 ·
1369 4849 1443 4919 Uva
1458 4868 1493 4937 pa

532 4991 577 5031 -n
594 4946 655 5044 qui
670 4948 830 5028 iracundi
848 4952 1062 5040 sunssvinum
1110 5004 1135 5043 .,
1151 4960 1340 5026 vescuntur
1352 4988 1366 5022 .
1380 4945 1445 5038 μυί
1458 4961 1493 5028 -p
