4284 6125
619 1352 702 1441 ¹42
850 1337 1118 1411 ntvrnon’um
1151 1348 1436 1409 otrtcronurn

615 1505 648 1547 „
680 1464 807 1529 smate
825 1441 899 1558 pe'r
918 1441 1178 1556 Episcopalis
1198 1472 1342 1531 manus
1357 1439 1683 1558 impositionem

615 1623 647 1665 „
679 1560 821 1649 Sancti
847 1561 1032 1678 Spiritus
1058 1561 1220 1682 gratia,
1252 1593 1347 1677 quae
1375 1566 1426 1648 ab
1451 1561 1683 1651 Haereticis

614 1740 646 1782 „
678 1680 766 1766 dati
786 1706 872 1767 non
893 1707 1034 1797 potest
1053 1743 1067 1782 ‚
1086 1711 1179 1770 eum
1199 1684 1468 1769 confirmaret
1486 1743 1537 1783 „.
1560 1681 1683 1801 Quid

612 1799 798 1912 apertius
832 1801 855 1888 2
907 1801 1023 1922 Quid
1054 1800 1313 1888 manifestius
1348 1802 1432 1889 dici
1471 1805 1617 1916 potuit
1655 1800 1681 1890 2

611 1919 928 2033 Numquidnam
964 1925 1044 2011 hoc
1071 1921 1387 2011 Sacramentum
1423 1951 1512 2009 non
1548 1921 1679 2008 reite·

610 2064 725 2125 ratur
744 2039 767 2126 ‘i
785 2042 947 2126 Demus
964 2047 1097 2130 adhuc
1116 2067 1158 2128 et
1175 2041 1253 2128 alia
1271 2044 1463 2157 exempla
1486 2101 1499 2141 ‚
1532 2062 1680 2153 quate·

606 2188 684 2247 nus
707 2161 794 2246 haec
813 2161 1059 2261 sententia,
1091 2161 1158 2248 cui
1191 2191 1213 2249 a
1247 2161 1439 2276 pluribus
1463 2157 1678 2248 contradi·

605 2278 717 2364 citur
752 2337 766 2376 ,
798 2277 1098 2380 manifestior,
1132 2304 1173 2364 et
1209 2281 1371 2369 certior
1407 2284 1508 2368 fiat.
1541 2278 1677 2364 Dicat

602 2392 733 2512 igitur
751 2400 859 2512 Papa
878 2397 1055 2489 Siricius
1072 2401 1175 2518 (t).
1213 2460 1245 2501 „
1276 2402 1412 2486 Prima
1443 2401 1582 2514 itaque
1604 2427 1678 2510 pa·

604 2574 637 2617 „
668 2516 780 2634 ginae
799 2542 882 2604 tuae
897 2517 1039 2605 fronte
1058 2520 1249 2636 signasti,
1273 2521 1511 2634 baptizatos
1544 2515 1676 2630 pluti-

603 2692 636 2733 „
659 2665 759 2724 'mos
795 2640 845 2723 ab
881 2638 1022 2756 impiis
1042 2640 1238 2726 Arrianis
1265 2641 1314 2723 ad
1336 2639 1456 2723 fidem
1478 2634 1673 2721 Catholi-

602 2810 636 2852 „
665 2785 755 2842 cam
771 2755 970 2846 festinare
993 2820 1007 2857 ,
1026 2787 1066 2845 et
1088 2763 1292 2874 quosdam
1310 2761 1361 2843 de
1378 2755 1580 2843 iratribus
1601 2782 1677 2839 no·

602 2929 634 2973 „
665 2875 763 2964 stris
791 2880 963 2965 eosdem
981 2882 1122 2968 denuo
1145 2877 1360 3002 baptizare
1380 2879 1487 2962 velle
1509 2907 1522 2981 3
1561 2872 1677 2990 quod

616 3168 684 3269 ,(1)
702 3166 739 3237 S.
755 3166 895 3242 Siricius
909 3169 1000 3265 Papa
1015 3171 1108 3265 Epi.
1159 3218 1184 3254 ‚,
1201 3194 1278 3244 mco
1289 3166 1429 3241 Liberio
1442 3157 1613 3259 generalia
1625 3158 1683 3228 de·

599 3262 641 3333 ad
655 3266 852 3341 Himerium
871 3265 1103 3343 Tarraconen·
1159 3320 1182 3356 ‚,
1201 3286 1294 3343 creta
1325 3265 1531 3362 prohibeant
1550 3307 1561 3371 3
1590 3280 1678 3366 quo}

599 3384 670 3435 sem
699 3366 907 3459 Episcopum
946 3370 1101 3443 Collect.
1160 3391 1356 3454 „nostum
1371 3353 1679 3437 Novatianrs,alt·

592 3460 1103 3554 -concitt.tom.11.c01.1215.
1157 3515 1182 3551 ‚‚
1201 3468 1298 3559 isque
1316 3461 1507 3540 haereticis,
1522 3457 1612 3528 sicut
1626 3466 1678 3522 est

604 3604 630 3637 „
643 3558 757 3629 Prima
768 3558 884 3652 itaque
900 3565 1028 3657 pagine
1042 3581 1108 3634 tuae
1155 3564 1232 3645 „in
1266 3561 1408 3656 Synodo
1447 3553 1677 3627 constitutum

602 3699 628 3735 „
645 3650 754 3723 fronte
771 3654 908 3748 signasti
927 3703 938 3736 ,
955 3657 1107 3750 baptiza·
1154 3704 1180 3739 „
1226 3679 1264 3726 er
1281 3654 1536 3756 invocationem
1567 3642 1677 3753 solam

605 3769 699 3835 „tos
736 3751 776 3821 ab
814 3747 928 3844 impiis
949 3752 1104 3826 Arrianis
1155 3681 1678 3853 „SeptiformisSpiritusdipt·

603 3896 629 3931 „
643 3848 823 3946 plurimos
836 3848 877 3921 ad
891 3863 893 3868 '
907 3847 1010 3923 fidem
1037 3851 1106 3923 Ca·
1154 3897 1179 3933 „
1194 3847 1340 3943 scopaiis
1356 3865 1472 3915 manus
1486 3854 1679 3930 imposttto·

604 3953 630 4028 'ss
649 3945 810 4019 cholicam
827 3969 829 3976 ·
846 3946 1004 4022 festinare
1032 3998 1042 4031 ,
1072 3965 1108 4019 et
1157 3995 1183 4032 „
1199 3970 1265 4027 ne,
1291 3940 1559 4015 catholicorum
1592 3958 1675 4004 con·

605 4091 631 4127 ‚,
651 4045 824 4138 quosdam,
844 4045 904 4134 ¹de
941 4046 1102 4120 iratribus
1154 4043 1314 4129 „ventui
1332 4039 1529 4114 sociamus.
1563 4033 1673 4127 Quod

605 4187 629 4223 >r
649 4142 793 4250 uostrisp
808 4144 946 4240 epsdcm
993 4146 1106 4220 denuo
1156 4191 1181 4228 „
1196 4141 1300 4214 etiam
1315 4157 1406 4210 totus
1429 4132 1582 4242 Oriens,
1598 4131 1668 4241 Oc·

602 4241 685 4330 „ba
711 4238 1103 4334 tiaateveile‚quodnon
1153 4290 1178 4328 „
1197 4239 1380 4331 eidemque
1414 4233 1567 4305 custodit
1597 4258 1606 4299 s
1637 4251 1672 4297 tn

602 4380 630 4418 ss
646 4265 753 4420 ticits
773 4355 851 4409 cum
868 4344 933 4410 hoe
950 4339 1046 4422 ficti,
1069 4355 1105 4410 et
1151 4388 1177 4423 ‚s
1195 4361 1264 4432 quo
1278 4334 1415 4408 tramite
1439 4355 1502 4402 vos
1531 4348 1673 4422 quoque

603 4479 630 4517 ,,
646 4433 833 4527 Apostolus
846 4454 964 4520 vetet,
986 4457 1022 4511 ct
1034 4438 1105 4510 Ca·
1152 4485 1178 4523 ‚,
1199 4440 1343 4530 posthac·
1373 4430 1513 4506 minime
1543 4446 1671 4533 conve-

605 4577 632 4614 ῃ
644 4557 747 4611 nones
782 4535 1047 4621 contradicant,.
1068 4554 1104 4610 et
1153 4585 1178 4620 „
1193 4535 1243 4608 nit
1256 4532 1415 4611 deviare,
1432 4528 1460 4600 si
1477 4552 1542 4636 nop
1560 4523 1669 4594 vultis

601 4652 719 4724 „post
733 4653 898 4706 cassatum
914 4635 1101 4708 Ariminen·
1150 4658 1208 4718 „a
1236 4649 1351 4705 nostro
1392 4626 1557 4719 Collegro
1606 4619 1670 4711 Sy·

601 4752 679 4816 „se
701 4729 901 4804 Concilium
933 4735 1033 4806 missa
1058 4736 1100 4806 ad
1150 4780 1175 4816 ‚‚
1195 4729 1307 4803 nodali
1334 4725 1481 4823 sepatati
1532 4734 1665 4793 senten·

601 4829 839 4920 „provincias
864 4857 883 4904 a
908 4834 1107 4905 venerandas
1158 4829 1313 4916 „tia-‚s
1417 4849 1419 4854 ’
1644 4841 1648 4852 ’

595 4969 627 5008 0,
649 4929 821 5003 memotiae
860 4933 1107 5024 predecessore
