4284 6125
562 1180 624 1270 40
789 1172 1058 1237 ntvtttonunt
1090 1171 1380 1234 ors1c1ottust

523 1180 706 1389 iudicem
727 1271 925 1353 mundum
950 1331 959 1350 .
981 1267 1049 1351 De
1070 1267 1256 1352 secundo
1272 1266 1329 1349 ait
1350 1261 1436 1380 (1)
1456 1292 1471 1347 ε
1513 1265 1623 1349 Peter

536 1421 616 1477 non
625 1385 790 1500 judicat
809 1416 1055 1503 quemquam
1078 1415 1091 1486 ;
1111 1382 1309 1497 quoniam
1329 1381 1529 1496 quidem
1550 1409 1624 1465 nou

534 1505 695 1603 Patris,
723 1506 795 1590 sed
818 1503 912 1589 Filii
932 1532 1114 1618 persona
1129 1504 1173 1588 in
1189 1498 1629 1613 judicioapparebit‚

537 1622 636 1739 quia
660 1621 749 1736 ipsa
767 1623 854 1710 sola
871 1652 1040 1710 carnem
1060 1622 1262 1737 suscepit,
1280 1643 1326 1705 et
1346 1619 1534 1706 idcirco
1556 1645 1631 1703 non

536 1743 768 1830 secundum
788 1740 1071 1828 Divinitatem
1088 1744 1185 1836 ,sed
1200 1739 1324 1849 juxta
1351 1738 1565 1823 eamdem
1598 1763 1634 1821 se

539 1887 712 1973 quoque
740 1857 1053 1946 manifestabit.
1088 1858 1159 1943 Ille
1179 1887 1316 1974 ergo,
1352 1855 1437 1969 qui
1476 1853 1528 1939 in
1557 1852 1637 1968 pri·

540 2005 612 2063 mo
632 1973 751 2061 venit
768 1976 1045 2087 judicandus,
1078 1974 1123 2060 in
1151 1979 1338 2064 secundo
1359 1975 1555 2088 quidem
1577 2000 1638 2057 ve·

542 2093 634 2180 niet
668 2091 953 2202 judicaturus.
986 2100 1195 2181 Ptaeterea
1227 2093 1270 2179 in
1307 2093 1466 2208 ptimo
1503 2088 1637 2177 noluit

543 2210 801 2324 judicaturus
838 2212 1029 2313 venite,
1074 2211 1169 2325 quia
1199 2239 1345 2301 omnes
1380 2209 1524 2299 novit
1555 2237 1636 2296 esse

545 2352 794 2446 peccatores
815 2395 827 2430 ,
861 2330 933 2445 qui
957 2330 991 2419 si
1018 2331 1275 2442 judicaturus
1296 2330 1499 2419 venisset
1520 2388 1536 2429 ,
1554 2355 1635 2413 non

547 2448 723 2536 haberet
742 2447 936 2564 profecto
969 2479 1076 2564 quos
1102 2473 1356 2550 coronaret,
1389 2451 1472 2537 sed
1492 2446 1635 2562 potius

549 2595 656 2679 qnos
675 2570 1005 2655 condemnaret.
1040 2571 1326 2687 Quamobrem
1362 2567 1515 2682 primo
1547 2593 1631 2653 non

550 2682 693 2768 animo
720 2686 792 2802 (2)
807 2683 1052 2795 judicandi,
1084 2690 1156 2774 sed
1189 2709 1349 2774 tantum
1378 2686 1544 2774 affectu
1564 2711 1631 2785 vo

549 2800 628 2889 luit
648 2799 875 2888 miserendi
896 2806 1063 2891 venite.
1085 2808 1140 2893 Et
1158 2805 1265 2894 sicut
1282 2804 1327 2890 in
1347 2807 1469 2889 nube
1489 2832 1630 2890 ascen·

552 2918 616 3005 dit
650 2918 810 3018 Deus,
843 2942 887 3006 et
924 2926 1051 3010 homo
1081 2983 1095 3024 ,
1126 2925 1184 3011 ita
1220 2926 1454 3031 descendet
1478 2923 1630 3017 Deus,

553 3034 599 3128 dt
619 3040 744 3124 homo
765 3040 812 3125 ad
830 3037 1098 3153 judicandum
1120 3077 1133 3147 ;
1166 3047 1277 3157 quod
1311 3039 1574 3158 intelligitur
1592 3036 1629 3125 in

556 3162 694 3245 nube:
725 3158 873 3247 Nubes
894 3161 1005 3246 enim
1021 3161 1195 3251 inferius
1213 3160 1361 3279 frigida
1385 3183 1452 3249 est
1473 3221 1489 3259 ‚
1526 3160 1628 3246 unde

557 3277 808 3391 intelligitur
844 3280 1072 3369 humanitas
1100 3283 1350 3399 ;.supetius
1387 3275 1565 3379 calida,
1591 3276 1629 3363 ἃ

546 3393 658 3483 inde
679 3397 898 3483 Divinitas
921 3400 1156 3512 percipitur
1187 3466 1217 3509 .¹

677 3516 901 3624 Postquam
936 3517 987 3600 de
1015 3519 1269 3606 excursione
1300 3512 1515 3628 temporis
1556 3536 1631 3612 ‚et

560 3628 834 3716 hebdomadis
862 3630 1076 3736 diximus,
1111 3624 1164 3723 de
1196 3636 1289 3749 ipso
1308 3632 1471 3721 Officio
1490 3632 1632 3719 dicere

560 3771 722 3845 restat,
755 3777 777 3834 a
797 3777 880 3862 quo
899 3751 1065 3864 quidam
1086 3758 1291 3841 solemnes
1309 3777 1456 3841 cantus
1471 3755 1634 3837 subtra-

560 3864 719 3948 huntur
748 3923 762 3964 ,
792 3890 838 3951 ut
875 3897 939 3955 est
966 3870 1103 3959 Gloria
1138 3876 1180 3959 in
1214 3872 1384 3960 excelsis
1412 3870 1507 3955 Deo
1539 3930 1552 3971 ,
1590 3886 1634 3950 et

564 3982 623 4067 Te
649 3983 778 4069 Deum
806 3988 1053 4087 laudamus,
1085 4016 1128 4075 et
1143 3993 1203 4078 lte
1218 3991 1339 4075 misso
1358 4009 1453 4084 est,
1486 3985 1573 4071 nisi
1591 3986 1636 4069 iu

557 4095 723 4186 festivis
759 4101 942 4220 diebus,
978 4105 1075 4217 quia
1103 4107 1261 4225 inipso
1288 4111 1355 4193 die
1383 4100 1636 4192 Natiuitatis

562 4219 788 4336 angelicam
807 4221 1113 4310 exultationem
1135 4252 1374 4324 cantantes,
1390 4254 1480 4337 prae
1499 4220 1638 4306 nimio

561 4334 747 4450 gaudio,
778 4360 821 4421 et
860 4340 1049 4455 cupienti
1080 4343 1333 4433 animocum
1359 4340 1507 4449 majori
1538 4342 1640 4427 lide·

565 4450 669 4538 lium
702 4453 890 4569 tripudio
924 4466 1198 4550 decantentur
1234 4524 1246 4546 .
1284 4467 1493 4551 Praeterea
1518 4456 1642 4569 juxta

575 4713 642 4811 (t)
654 4706 743 4787 Ibid.
762 4734 837 4811 cap.
849 4740 884 4790 v.
909 4740 983 4795 ver.
999 4741 1059 4794 22.
1130 4725 1187 4828 Ι(ε)
1201 4717 1442 4826 supplevimus
1459 4743 1460 4746 ¹
1478 4714 1609 4793 arrian
1622 4765 1639 4793 .
