4284 6125
829 725 3322 1127 m

2112 1146 2120 1155 ι

1558 1413 2422 1480 zxrt1cAT10.
2910 1404 3030 1516 83

921 1522 1037 1606 do
1091 1574 1120 1613 ,
1181 1510 1796 1597 descendunt.
1866 1510 2173 1629 Angeli
2244 1513 2411 1597 Dei
2480 1514 2770 1606 Sancti
2847 1549 3044 1608 sunt

923 1631 1603 1731 Praedicatores3
1664 1629 1827 1746 ipsi
1884 1659 2184 1744 nempe
2253 1640 2714 1720 ascendunt
2750 1697 2778 1734 ‚
2841 1643 3045 1727 dum

919 1758 1023 1843 de
1232 1749 1587 1834 Unitate
1625 1753 2130 1862 loquuntur,
2167 1753 2692 1841 descendunt
2731 1781 3044 1858 autem,

924 1904 1114 1963 cum
1180 1871 1282 1954 de
1377 1866 1749 1979 ejusdem
1838 1867 2308 1983 praedicant
2381 1875 2967 1963 lucarnatione
3013 1942 3038 1963 .

921 1994 1293 2110 Angelus
1360 2016 1557 2073 saue
1612 2017 1881 2102 graece
1922 2051 1945 2086 ‚
2011 1986 2263 2073 latine
2329 1990 2694 2078 Nuntius
2750 2057 2769 2076 .
2841 1995 3051 2082 San-

930 2112 1045 2199 cti
1117 2137 1318 2225 ergo
1363 2108 1966 2194 praedicatores
2008 2108 2357 2222 pulchre
2418 2137 2827 2198 vocantur
2865 2115 3045 2203 An-

923 2230 1093 2348 geli
1150 2288 1180 2326 ‚
1243 2225 1438 2339 quia
1472 2251 1663 2314 sunt
1701 2226 2044 2326 nuntii,
2099 2226 2287 2314 boni
2325 2230 2784 2320 videlicet.

1558 2555 1620 2612 1>
1633 2554 1677 2612 Ε
1729 2556 1964 2615 ARcu
2010 2557 2396 2617 CAELEsTl

1161 2704 1297 2788 De
1330 2701 1629 2801 Arcu,
1693 2704 1835 2818 qui
1890 2734 2236 2820 apparet
2302 2709 2391 2796 in
2435 2712 2798 2800 nubibus
2856 2707 3046 2797 caeli

932 2818 1324 2911 Clemens
1373 2824 1520 2941 (1)
1578 2829 2014 2918 Romanus
2049 2828 2519 3067 Antistfisg
2582 2858 2670 2921 et
2704 2835 3040 2943 Martyr-

992 3143 1094 3234 (4)
1133 3141 1201 3210 S.
1231 3140 1533 3212 Isidorus
1590 3141 1656 3211 in
1690 3140 1812 3213 lib.
1863 3146 1940 3214 de
2037 3144 2296 3227 „enim
2371 3144 2698 3252 impressa
2751 3159 2906 3208 cera
2936 3158 3046 3205 an

924 3239 1209 3325 'Natura
1266 3261 1485 3306 rerum
1550 3240 2088 3328 cap-xxx1.,‚
2117 3238 2307 3311 nuli
2290 3239 2652 3330 imaginem
2694 3231 3048 3326 exprimit,

928 3335 1010 3403 de
1040 3343 1238 3401 Arcu
1299 3356 1453 3423 pag.
1488 3336 1651 3422 368.
1694 3380 1741 3414 ‚‚
1779 3334 1942 3404 Cle-
2042 3383 2091 3416 „
2122 3338 2216 3405 sic
2255 3338 2465 3405 nubes
2494 3356 2530 3402 e
2568 3347 2804 3401 contra
2832 3354 2916 3399 ex
2949 3352 3046 3398 ro·

925 3478 980 3512 ‚,
1011 3450 1193 3498 mens
1228 3427 1567 3499 Romanus
1599 3428 1943 3512 Antistes‚
2044 3478 2094 3513 ,‚
2129 3430 2465 3501 tunditate
2543 3426 2702 3498 solis
2761 3427 3050 3523 figuram

924 3574 982 3609 2,
1011 3540 1080 3594 et
1160 3524 1431 3617 Martyr
1521 3526 1613 3596 ita
1702 3524 1940 3596 scribit
2038 3575 2091 3610 ,‚
2121 3544 2461 3599 sumentes
2561 3526 2798 3595 orbem
2897 3524 3047 3595 effi-

920 3672 980 3707 „
1021 3635 1049 3713 (
1082 3623 1423 3712 Quamvis
1473 3622 1604 3695 haec
1658 3671 1681 3705 ,
1745 3638 1938 3719 utpo-
2037 3673 2087 3707 ,‚
2115 3625 2358 3705 ciunt,
2407 3640 2478 3693 et
2504 3645 2696 3693 arcus
2746 3620 3045 3713 effigiem

922 3770 978 3804 2,
1011 3736 1076 3791 te
1093 3717 1266 3804 falso
1318 3721 1537 3790 adscrt‘
1579 3734 1647 3788 ta
1698 3727 1933 3792 Sancto
2034 3769 2084 3803 ‚‚
2117 3723 2383 3815 fingunt
2414 3768 2434 3790 .
2470 3722 2784 3812 Apparet
2811 3736 3046 3788 autem

920 3865 976 3901 ‚‚
1007 3817 1376 3899 clementi,
1434 3839 1569 3887 ree
1536 3816 1929 3907 ellantur).
2034 3867 2086 3901 ,‚
2116 3818 2228 3890 hic
2261 3841 2390 3888 non
2424 3815 2852 3907 semper‚sed
2884 3839 3046 3886 cum

920 3961 977 3999 ,‚
1006 3919 1226 3987 Arcus
1277 3914 1344 3985 in
1376 3937 1527 3985 aere
1576 3936 1660 3985 ex
1704 3915 1945 4008 imagi·-
2041 3964 2092 3998 2,
2123 3931 2466 3986 rarescunt
2521 3911 2750 3984 nubila
2820 3911 2962 3983 caeli
3019 3958 3049 3981 .

931 4061 985 4096 a,
1013 4037 1092 4084 ne
1147 4012 1305 4085 solis
1360 4015 1489 4084 hoc
1527 4014 1734 4084 modo
1797 4012 1943 4084 for-
2043 4060 2093 4096 ,‚
2120 4014 2302 4083 Nam
2354 4035 2582 4084 rursus
2639 4034 2791 4081 cum
2848 4009 2913 4079 in
2970 4032 3046 4079 se

926 4156 979 4194 2,
1015 4129 1238 4184 matur
1268 4157 1289 4179 .
1372 4111 1563 4181 Dum
1597 4107 1773 4180 enim
1834 4110 1939 4182 sol
2037 4156 2090 4194 ‚‚
2127 4125 2380 4181 coeunt
2408 4111 2851 4200 nubes‚atque
2886 4108 3045 4177 den·

923 4255 978 4292 „
1018 4209 1084 4279 in
1118 4207 1410 4279 nubibus
1441 4205 1934 4279 rarescentibus
2036 4256 2084 4291 ,‚
2117 4224 2348 4279 santur
2380 4256 2403 4290 ‚
2440 4206 2790 4275 confestim
2841 4226 3036 4273 arcus

923 4351 981 4388 ,‚
1004 4308 1375 4376 exadverso
1412 4304 1755 4375 refulserit
1785 4352 1806 4386 ‚
1839 4328 1941 4376 ra·
2035 4353 2086 4389 „
2114 4307 2441 4376 formatus
2471 4304 2787 4375 solvitur.
2814 4302 3039 4370 lunu-

925 4448 981 4484 „
1014 4402 1295 4494 diosque
1346 4425 1504 4473 suos
1550 4402 1808 4473 directa
1856 4403 1940 4474 li·
2036 4451 2084 4486 ‚‚
2119 4401 2307 4474 bium
2338 4401 2512 4472 enim
2549 4399 2876 4471 densitate
2928 4420 3037 4467 ar-

920 4545 978 4581 „
1010 4517 1130 4569 nea
1162 4500 1432 4573 humori
1472 4499 1704 4570 nubilo
1733 4517 1942 4572 trans·
2033 4550 2084 4586 ,‚
2109 4524 2228 4573 cus
2247 4523 2466 4571 aerem
2499 4497 2564 4568 in
2584 4497 2891 4589 perfecto
2919 4518 3038 4586 gy-

922 4596 1285 4678 „fundens
1346 4597 1813 4712 impresserit,
1859 4599 1936 4672 fit
2037 4648 2086 4682 „
2120 4620 2199 4668 ro
2240 4595 2776 4711 complectitur.
2821 4590 3038 4661 Deni-

924 4738 979 4775 ‚‚
1010 4696 1429 4787 repercussio
1555 4695 1931 4788 splendoris
2028 4745 2078 4781 ‚,
2108 4720 2243 4789 que
2273 4696 2412 4768 sine
2437 4693 2618 4777 sole,
2648 4711 2715 4764 et
2744 4689 3038 4761 nubibus

924 4836 977 4871 ,,
1000 4794 1145 4870 eius
1200 4792 1262 4863 in
1296 4794 1642 4875 nubibuS,
1701 4818 1737 4865 e
1782 4794 1932 4887 qui·
2029 4844 2078 4880 ,‚
2116 4818 2455 4887 nunquam
2482 4810 2764 4882 apparet
2794 4811 2985 4860 arcus
3009 4833 3036 4867 ,

891 4928 907 4945 ·
924 4934 980 4971 2,
1008 4887 1135 4957 bus
1164 4888 1392 4999 fulgor
1416 4892 1707 4965 emicans
1735 4917 1927 4965 arcus
2025 4941 2075 4980 ‚‚
2104 4891 2262 4985 quia
2315 4916 2398 4963 ex
2440 4887 2599 4981 ipsis
2639 4886 2839 4958 radiis
2872 4884 3034 4954 solis

917 4983 1308 5077 „speciem
1362 4989 1688 5068 format.
1736 4993 1926 5069 Sicut
2032 5040 2086 5081 ,‚
2119 4990 2381 5085 species
2472 4989 2615 5079 ejus
2673 4985 3036 5062 formatur.
