4284 6125
538 1272 621 1387 156
776 1297 1041 1371 orvruoauur
1065 1301 1348 1367 orrrcronurr

979 1511 1158 1601 XCII.

731 1721 790 1779 na
824 1718 1051 1783 ursc‘rroun
1081 1717 1383 1782 summanum
1499 1694 1504 1703 '

947 1836 1174 1899 tranantur

654 1987 865 2102 Quaerunt
897 1988 1023 2105 aliqui
1056 2051 1070 2091 ‚
1102 1988 1135 2078 si
1170 1991 1249 2079 hoc
1276 1990 1590 2093 Sacramentum

536 2101 680 2192 iterari
714 2109 880 2223 possit,
912 2141 1005 2197 cum
1032 2109 1289 2224 Baptismus,
1321 2137 1364 2195 et
1381 2108 1459 2198 alia
1476 2139 1588 2224 qnae·

539 2222 632 2308 dam
656 2224 954 2328 Sacramenta,
985 2231 1111 2315 semel
1132 2251 1323 2341 suscepta
1356 2227 1585 2316 non’reite·

537 2365 720 2445 rentur;
753 2345 810 2432 ait
829 2347 944 2433 enim
959 2345 1221 2464 Augustinus
1250 2347 1291 2434 in
1324 2348 1425 2433 libro
1447 2369 1589 2439 contro

535 2463 846 2552 Parmenionurn
879 2525 893 2565 ,
925 2466 1237 2552 Sacramentum
1277 2494 1364 2552 non
1389 2490 1479 2552 esse
1512 2464 1591 2552 ite·

534 2583 743 2682 randum,
774 2609 814 2668 et
834 2585 1104 2670 Sacramento
1133 2614 1219 2670 non
1252 2610 1341 2671 esse
1357 2581 1590 2672 faciendam

536 2695 768 2806 injuriam3
802 2704 871 2789 sed
905 2703 957 2788 de
983 2704 1062 2790 hoc
1092 2703 1230 2805 dicit,
1262 2701 1333 2789 ubi
1350 2702 1434 2819 agit
1449 2703 1501 2789 de
1519 2698 1589 2788 Sa·

537 2841 752 2906 eramento
780 2818 1008 2934 Baptismi,
1041 2839 1086 2907 et
1119 2817 1445 2910 Ordinationist
1477 2825 1590 2909 unde

534 2965 623 3024 uon
654 2937 820 3028 videtur
852 2939 951 3027 itlud
989 2938 1238 3054 generaliter
1265 2940 1594 3054 accipiendum,

536 3060 607 3145 sed
636 3059 686 3144 de
721 3057 990 3149 sacramento
1009 3056 1248 3173 Baptismi,
1280 3085 1322 3145 et
1355 3058 1590 3148 Confirma-

532 3176 697 3278 tionis,
731 3202 774 3265 et
795 3177 1126 3279 Ordinationis,
1157 3208 1253 3291 quae
1274 3179 1508 3267 nullatenus
1527 3206 1591 3265 re·

534 3300 716 3409 petenda
746 3325 876 3401 sunt;
910 3296 1006 3411 quia
1035 3299 1161 3385 semel
1186 3318 1347 3383 tautum
1380 3357 1394 3398 ,
1426 3320 1469 3383 et
1502 3324 1592 3384 non

539 3415 696 3528 saepius
711 3419 828 3504 datur
846 3417 1108 3532 Baptismus,
1141 3441 1182 3501 et
1201 3415 1483 3503 Confirmatio
1502 3474 1516 3515 ,
1548 3438 1592 3502 et

538 3528 804 3623 Ordinatio.
838 3535 1151 3622 Sacramentum
1183 3562 1287 3621 vero
1308 3533 1464 3622 Altaris
1499 3592 1512 3631 ‚
1545 3553 1592 3618 et

535 3650 822 3750 Poeniteoiae,
855 3676 896 3734 et
915 3653 1148 3770 Coniungii
1176 3681 1288 3768 saepe
1312 3650 1453 3737 iterari
1473 3650 1592 3734 vide·

538 3791 640 3869 tur,
672 3766 768 3883 quia
797 3798 908 3885 saepe
929 3769 1238 3858 Sacramentum
1258 3767 1467 3882 Corporis
1487 3794 1585 3882 per-

538 3888 711 4000 cipitur,
726 3887 967 4003 frequenter
988 3890 1245 3994 Paenitentia
1264 3886 1414 4006 agitur,
1431 3882 1594 3996 Couju·

536 4005 651 4122 gium
673 4036 785 4121 saepe
814 4007 1074 4095 contrahitur
1104 4070 1113 4089 .
1149 4012 1292 4126 Quare
1312 4037 1412 4126 ergo
1428 4003 1594 4093 Unctio

538 4122 734 4213 similiter
754 4157 836 4222 non
855 4145 994 4246 potest
1015 4127 1196 4214 iterari?
1231 4128 1275 4218 Si
1302 4130 1474 4213 morbus
1503 4150 1591 4216 non

534 4242 800 4340 revertitur,
831 4245 1036 4332 medicina
1067 4275 1152 4333 noo
1176 4244 1380 4336 iteratur,
1415 4243 1459 4338 Si
1489 4269 1596 4336 vero

535 4366 711 4447 morbus
740 4394 825 4449 non
853 4385 993 4476 potest
1014 4363 1240 4466 cohiberi,
1273 4360 1477 4449 medicina
1496 4389 1595 4472 qua·

535 4506 581 4563 re
615 4482 739 4567 debet
776 4482 1043 4596 prohiberi?
1078 4482 1195 4570 Sicut
1231 4482 1367 4568 oratio
1400 4476 1596 4567 reiterari

532 4621 701 4708 potest,
734 4600 851 4686 itaet
871 4599 1034 4684 Unctio
1058 4600 1247 4687 reiterari
1267 4627 1389 4714 posse
1408 4597 1600 4701 videtum

535 4738 757 4832 utrumque
791 4716 906 4806 enim
952 4715 1036 4805 iilic
1070 4719 1372 4808 commemorat
1411 4715 1600 4834 Jacobun
