4284 6125
611 1328 700 1415 ψ
858 1320 1433 1388 u1tt1utonttutot=stcxoltuut

606 1424 736 1503 etiam
766 1411 995 1539 ipsum(t)
1023 1424 1102 1509 boc
1131 1447 1287 1535 opus,
1317 1419 1433 1532 quod
1466 1409 1688 1519 creditur}

611 1537 825 1633 amittatur
852 1602 864 1625 .
896 1543 1032 1627 Palma
1060 1537 1175 1625 enim
1198 1536 1407 1653 significat
1424 1531 1683 1623 victoriam.

610 1654 795 1767 Antiqui
814 1657 968 1745 milites
988 1720 1002 1759 ,
1033 1688 1129 1747 cum
1161 1657 1392 1746 veniebant
1411 1656 1463 1742 do
1491 1656 1606 1743 beiio
1625 1652 1688 1741 vi·

614 1798 786 1875 ctotes,
817 1779 1083 1893 accipiebant
1114 1805 1318 1866 coronam
1346 1776 1399 1860 de
1435 1776 1606 1889 palma,
1644 1794 1696 1861 et

614 1895 695 1986 hoc
733 1919 821 1984 etat
856 1899 1019 2014 siguum
1039 1894 1276 1985 victoriae.
1320 1894 1415 1982 Nos
1447 1920 1555 1981 vero
1587 1892 1688 1982 ideo

612 2036 828 2126 pot-tamus
846 2020 1048 2131 palmam,
1080 2012 1178 2129 quia
1196 2012 1488 2116 ostendimus,
1519 2042 1600 2101 uos
1620 2012 1688 2100 ba·

604 2134 716 2218 bete
753 2134 979 2224 victoriam
1009 2136 1060 2220 de
1095 2130 1274 2223 inimico
1302 2155 1453 2220 nostro
1479 2130 1683 2219 diabolo.

607 2250 761 2338 Palmae
786 2284 890 2342 veto
924 2252 1163 2371 significant
1193 2250 1579 2340 remunerationem
1610 2252 1686 2353 bo·

611 2395 765 2457 uotum
784 2401 962 2488 opetum
987 2435 997 2457 .
1033 2374 1188 2461 Palmas
1207 2368 1253 2458 iu
1276 2368 1470 2459 manibus
1499 2371 1685 2467 habent,

605 2488 687 2601 uui
707 2520 801 2577 cum
820 2489 1034 2608 Apostoio
1051 2490 1200 2580 dicunt
1215 2492 1289 2609 (2)
1306 2522 1319 2578 ε
1350 2488 1457 2601 Quis
1471 2520 1549 2576 nos
1570 2518 1685 2603 sepu-

611 2608 720 2695 rabit
736 2641 761 2697 o
788 2612 985 2700 ciat-itate
1010 2610 1159 2699 citrini
1175 2608 1198 2699 i
1215 2609 1422 2697 tribulatio
1439 2606 1531 2695 iun
1550 2638 1687 2726 ungu·

602 2726 690 2815 stin
710 2727 733 2813 2
760 2730 809 2815 Et
829 2730 957 2817 etiam
977 2728 1050 2843 qui
1081 2759 1177 2817 cunt
1194 2728 1289 2846 ipso
1299 2730 1481 2819 -clumant
1495 2727 1572 2844 (3)
1591 2754 1605 2810 s
1635 2725 1685 2809 ln

610 2847 723 2930 omni
741 2848 999 2937 tribulatione
1015 2850 1227 2965 potimur,
1259 2852 1331 2939 sed
1350 2878 1431 2934 non
1465 2844 1685 2964 angustio·

610 2993 742 3051 mur.
777 2967 931 3055 Palmas
960 2967 1085 3055 etiam
1108 2967 1154 3054 in
1191 2965 1382 3055 munibus
1410 2966 1590 3065 babent,
1608 2964 1684 3077 qui

611 3084 817 3174 virtutem
846 3086 982 3177 carnis
1000 3150 1014 3189 ,
1032 3112 1075 3175 et
1094 3086 1268 3185 cordis,
1302 3090 1358 3173 ob
1385 3115 1570 3172 umorem
1604 3114 1684 3172 cae·

610 3205 727 3293 iestis
745 3210 894 3322 patriae
930 3231 1080 3296 contra
1115 3208 1420 3295 oblectamenta
1437 3203 1599 3322 peccati
1617 3208 1685 3290 de·

612 3325 825 3431 fendunt3
854 3352 899 3414 et
929 3328 1057 3415 etiam
1077 3357 1163 3415 non
1192 3348 1440 3441 appetentes
1460 3326 1593 3412 aiiena
1610 3385 1624 3423 ‚
1642 3345 1686 3410 et

609 3447 785 3559 proptia
802 3447 1089 3562 indigentibus
1108 3445 1441 3546 distribuentes,
1458 3447 1588 3560 palma
1606 3473 1685 3528 tna·

602 3591 712 3646 num
755 3561 929 3653 victoris
958 3592 1139 3654 otnant:
1164 3567 1218 3650 Et
1241 3562 1528 3679 unusquisque
1557 3560 1688 3650 fi‘deiis

601 3680 788 3794 -paitnatn
808 3682 1004 3773 victoriae
1020 3685 1065 3770 in
1087 3715 1209 3771 manu
1230 3688 1337 3770 bene
1355 3686 1572 3798 operando
1593 3707 1690 3795 pot·

613 3823 673 3884 tat
696 3865 705 3885 .
739 3803 794 3887 Et
816 3802 894 3890 tria
912 3803 1111 3893 dicuntur
1133 3834 1223 3891 esse
1252 3863 1266 3901 ,
1295 3805 1347 3924 de
1382 3803 1536 3915 quibus
1556 3798 1690 3885 fidelis

612 3917 837 4008 victoriam
858 3927 985 4012 debet
1005 3928 1158 4009 habete
1182 3955 1193 4008 ε
1215 3923 1405 4007 Mundus
1423 3981 1436 4019 ,
1455 3949 1551 4007 cato
1569 3979 1583 4018 ,
1599 3916 1693 4004 dia-

615 4037 771 4125 bolus.
809 4043 963 4132 Vincit
990 4039 1103 4130 enim
1137 4043 1269 4129 fidelis
1305 4043 1504 4127 mundum
1540 4097 1555 4136 ,
1586 4038 1693 4120 dum

613 4183 711 4241 eutn
756 4190 849 4245 cutn
882 4163 966 4249 suis
1011 4160 1368 4251 oblectationibus
1412 4153 1691 4245 contemnit:

615 4304 784 4378 carnem
813 4302 1022 4393 supetat,
1054 4284 1152 4369 dum
1172 4310 1259 4369 eatu
1284 4308 1360 4398 per
1388 4271 1692 4375 abstinentiam

860 4408 862 4411 ⁴
1496 4389 1501 4400 '
1618 4394 1691 4478 do·

642 4579 696 4682 (¹1)
714 4597 765 4669 Ita
797 4606 1049 4678 emendavimus
1075 4628 1118 4677 ex
1192 4612 1246 4697 (3)
1266 4603 1408 4676 11.Cor.
1423 4599 1693 4695 cap.1v.'vet.8.

615 4686 743 4764 Paterii
761 4695 839 4767 loco
854 4703 1025 4797 descripto
1045 4719 1117 4773 not.
1166 4708 1206 4772 In
1248 4699 1397 4778 omnibus
1427 4697 1693 4770 ‘tribulationem

615 4804 743 4879 super.
761 4792 855 4866 Cod.
869 4799 955 4893 ipsi.
1174 4801 1349 4894 patimur,
1363 4796 1420 4870 sed
1440 4819 1505 4870 non
1522 4795 1696 4892 angustia·

638 4893 693 4982 (ι)
712 4888 818 4965 Rom.
833 4895 935 4965 vul.
953 4912 1012 4987 35.
1180 4917 1286 4974 mur,
