4284 6125
840 1399 1306 1474 exauctare:
1528 1409 1609 1501 141

549 1507 668 1599 tione
693 1503 938 1620 loqueretur
958 1565 972 1605 ,
1002 1498 1230 1616 adjunxit:
1249 1499 1452 1606 „Manus
1471 1535 1613 1596 aurem

548 1688 582 1734 ,‚
612 1623 904 1742 impositionis
918 1623 1235 1712 Sacramentum
1271 1653 1417 1740 magna
1436 1654 1615 1712 venera·

545 1807 580 1850 „
612 1747 733 1834 tione
763 1746 989 1832 tenendum
1008 1766 1105 1847 est;
1139 1765 1237 1856 quae
1271 1746 1322 1829 ab
1344 1742 1435 1830 aliis
1462 1746 1612 1857 perfici

541 1922 580 1969 -,‚
612 1896 701 1951 non
723 1885 904 1982 potest,
938 1863 1057 1950 nisia
1086 1862 1269 1950 Summis
1288 1864 1608 1954 Sacerdotibus.

544 2044 580 2087 „
612 1983 704 2073 Nec
722 2007 920 2097 tempore
938 1983 1249 2100 Apostolorum
1272 1985 1322 2068 ab
1341 1981 1431 2070 aliis
1451 2042 1465 2082 ,
1483 2013 1609 2097 quam

544 2162 581 2206 ‚,
609 2105 660 2189 ab
684 2102 789 2220 ipsis
805 2102 1029 2217 Apostolis
1047 2103 1233 2220 legitur,
1264 2122 1335 2187 aut
1370 2102 1500 2189 scitur
1537 2137 1609 2221 pe·

544 2280 578 2324 ‚,
609 2247 762 2310 ractam
794 2223 869 2340 (ι)
900 2250 1025 2325 esse;
1073 2251 1211 2337 neque
1243 2226 1299 2306 ah
1327 2219 1417 2307 aliis
1448 2279 1466 2321 ,
1495 2218 1609 2312 sicut

544 2399 578 2444 „
606 2340 688 2451 jam
704 2340 863 2431 dictum
879 2363 942 2429 est
963 2400 978 2442 ,
1007 2369 1130 2455 quam
1149 2344 1199 2428 ab
1218 2337 1300 2426 illis
1320 2398 1335 2438 ,
1366 2335 1440 2453 qui
1457 2367 1609 2431 eorum

545 2518 582 2560 „
610 2464 751 2547 locum
779 2481 968 2562 tenent,
1013 2489 1198 2574 unquam
1237 2456 1389 2574 perlici
1424 2479 1610 2572 potest,

546 2637 581 2681 ‚,
611 2603 681 2664 aut
700 2577 790 2665 fieti
808 2580 961 2668 debet:
994 2577 1142 2668 namsi
1160 2576 1279 2665 aliter
1298 2603 1607 2695 praesumptum

544 2755 579 2800 „
608 2696 760 2800 luerit,
789 2697 959 2786 irritum
979 2700 1211 2798 habeatur,
1242 2720 1286 2783 et
1301 2711 1478 2787 vacuum
1496 2758 1510 2799 ,
1527 2729 1607 2789 nec

542 2875 577 2919 ‚,
606 2815 719 2905 iuter
737 2816 1029 2907 Ecclesiastico
1044 2847 1228 2931 uuquam
1247 2815 1514 2932 reputabitur
1535 2819 1606 2909 Sa·

541 2995 576 3036 ‚‚
605 2960 817 3025 ctamenta
833 2997 865 3037 ,‚
885 3003 895 3024 .
915 2934 1150 3025 Audiamus
1169 2933 1293 3023 etiam
1308 2940 1422 3049 quod
1441 2960 1607 3050 tempo·

540 3084 587 3141 re
606 3055 722 3144 Beati
738 3055 934 3145 Silvesiri
954 3061 1108 3145 Romae
1130 3057 1182 3143 de
1210 3057 1284 3143 hac
1302 3085 1348 3141 re
1370 3054 1413 3141 in
1445 3053 1605 3143 Conci·

540 3171 601 3259 lio
619 3176 691 3292 (α)
708 3196 907 3264 statutum
927 3197 992 3263 est
1009 3240 1021 3262 .
1041 3235 1073 3276 ,‚
1101 3177 1263 3263 Eodem
1283 3174 1447 3289 ,inquit
1464 3236 1478 3274 ‚
1496 3199 1600 3261 tem·

533 3302 574 3393 ’,,
605 3322 744 3407 pote,
775 3293 1071 3383 tertiodecimo
1096 3297 1376 3385 Kalendarum
1395 3293 1600 3405 Juliarum

539 3469 574 3513 „
605 3408 675 3496 die
693 3469 708 3511 ,
724 3414 892 3526 quando
925 3434 1201 3501 memoratum
1223 3441 1417 3531 magnum
1439 3411 1606 3501 Conci·

537 3585 573 3630 ‚‚
604 3527 706 3617 lium
735 3532 782 3617 in
822 3529 972 3619 Nicaea
1010 3524 1310 3652 congregatum
1349 3555 1446 3633 est,
1477 3562 1605 3623 cano-

537 3707 571 3752 „
603 3647 699 3737 nica
730 3647 814 3761 jam
845 3649 953 3740 fatus
980 3652 1090 3767 Papa
1124 3653 1350 3742 vocatione
1368 3651 1415 3740 in
1433 3652 1601 3741 Urbem

537 3826 571 3869 „
600 3771 780 3859 Romam
799 3831 814 3872 ,
843 3767 1012 3889 etipse
1031 3773 1325 3863 cumconsilio
1346 3771 1598 3861 Constanti·

535 3941 570 3987 „
600 3887 644 3974 ni
670 3886 851 4004 Augusti
887 3890 1163 4007 congregavit
1190 3895 1395 3982 ducentos
1428 3916 1594 4007 septua-

536 4006 715 4124 „ginta
749 4032 908 4123 septem
942 4007 1179 4126 Episcopus
1213 4072 1227 4112 ,
1270 4013 1485 4099 damnavit
1518 4010 1608 4126 ite-h

536 4180 570 4224 ‚,
600 4154 725 4226 rum,
757 4150 840 4214 tam
872 4126 1113 4227 Calistum,
1144 4157 1268 4243 quam
1295 4129 1507 4228 Arrium,
1537 4150 1598 4215 at·

536 4299 570 4343 „
600 4251 682 4355 que
708 4243 970 4351 Sabellium;
1001 4269 1043 4334 et
1062 4246 1313 4352 constituit,
1344 4270 1391 4335 ut
1418 4249 1597 4359 Presby-

536 4418 570 4461 „
601 4385 738 4450 terum
752 4364 980 4452 Attianum
999 4366 1320 4480 resipiscentem
1341 4395 1430 4454 non
1445 4363 1598 4478 aliquis

537 4536 571 4579 ,‚
600 4482 836 4601 susciperet
866 4545 881 4586 ,
912 4481 994 4571 nisi
1016 4484 1252 4599 Episcopus
1285 4484 1472 4596 ejusdem
1510 4478 1595 4570 loci

537 4654 572 4699 2,
602 4627 697 4686 eum
727 4600 1055 4705 reconciliaret,
1085 4628 1127 4692 et
1162 4606 1443 4693 Sacrosancto
1466 4599 1601 4689 Chri·-

561 4883 914 5057 ‹naattr.peram.
1055 4849 1607 4960 ³tecr.conett.aan.ur.a.1.j

558 4984 618 5074 (2)
634 4979 746 5056 Conci
762 4987 941 5061 ‚RonurL
955 4983 1039 5058 Col·
1086 4984 1155 5057 col.
1171 4996 1208 5071 15
1215 4995 1274 5073 rt·
