4284 6125
816 1372 1253 1436 exuttcatro.
1489 1369 1577 1464 529

622 1460 834 1580 Justitiam
855 1470 967 1555 enim
984 1466 1197 1555 Dominus
1224 1463 1459 1582 generalem
1494 1467 1581 1550 vir·

507 1609 674 1688 tutem,
705 1586 795 1672 sive
829 1618 873 1674 se
907 1587 1043 1725 ipsum
1074 1585 1288 1699 appellat.
1328 1583 1443 1672 Benti
1475 1611 1578 1699 ergo

507 1737 603 1792 sunt
623 1767 637 1806 ,
654 1707 726 1823 pai
734 1709 1047 1820 persecutionem
1070 1705 1286 1822 potiuntur
1300 1726 1475 1818 propter
1494 1705 1580 1789 vir·

508 1845 687 1926 tutem,
710 1825 777 1912 vel
802 1850 976 1942 propter
1005 1828 1185 1911 Deum.
1213 1825 1315 1910 Haec
1343 1822 1454 1908 enim
1482 1825 1578 1910 bea·

509 1943 646 2031 titudo
668 1970 815 2032 octava
834 1945 878 2030 in
899 1943 1101 2058 martyrio
1121 1965 1438 2040 remuneratur,
1469 1963 1510 2024 et
1529 1941 1578 2029 in

505 2095 554 2149 ea
573 2092 750 2180 regnum
771 2066 969 2151 caelorum
988 2060 1254 2180 promittitur
1269 2121 1283 2162 ,
1301 2059 1469 2147 dicente
1483 2061 1579 2147 Do·

507 2181 664 2269 mino:
696 2181 811 2269 Beati
839 2216 909 2301 qur
918 2207 1236 2299 persecutionem
1248 2185 1469 2297 potiuntur
1479 2209 1577 2291 pro·

497 2323 595 2418 pter
611 2299 854 2412 justitium,
884 2301 1076 2420 quoniorn
1110 2302 1288 2420 ipsorum
1312 2319 1374 2386 est
1405 2327 1577 2413 regnum

504 2423 720 2510 caelorum.
739 2419 1040 2508 Effundamus
1029 2446 1171 2533 itaque
1191 2448 1338 2554 preces
1356 2420 1406 2504 ad
1425 2415 1576 2502 Domi·

504 2568 649 2636 num,
677 2565 726 2625 ut
759 2538 821 2624 his
852 2539 1183 2629 beatitudinibus
1212 2537 1337 2654 digne
1373 2536 1574 2623 insistere

504 2660 743 2756 valeamus,
775 2683 818 2744 et
845 2683 892 2745 ut
922 2688 1090 2774 semper
1126 2680 1220 2744 ante
1253 2657 1398 2745 oculos
1431 2654 1572 2742 cordis

503 2775 639 2863 nostri
675 2779 895 2863 babeamus
929 2779 1038 2864 diem
1074 2776 1282 2865 tremendi
1307 2773 1496 2885 iudicii,
1527 2796 1573 2860 et

502 2891 686 2980 Paradisi
707 2920 930 3010 perpetuas
951 2896 1120 2985 delicias
1142 2956 1157 2996 ‚
1192 2926 1292 3010 quaa
1314 2892 1467 2983 sanctis
1487 2891 1571 2979 suis

502 3012 786 3147 praeparavit3
818 3039 861 3102 et
877 3014 938 3104 ita
954 3045 1031 3105 nos
1050 3019 1154 3106 hanc
1172 3041 1423 3131 praesentem
1440 3010 1571 3099 vitam

500 3131 547 3216 in
573 3163 644 3218 sua
665 3128 791 3220 saciat
816 3138 1032 3225 voluntate
1058 3140 1323 3254 perducere,
1355 3157 1400 3219 ut
1422 3162 1570 3247 poenas

499 3247 656 3337 inferni
674 3253 878 3340 valeamus
900 3259 1078 3345 evadere
1096 3316 1110 3355 ,
1143 3280 1185 3341 et
1199 3278 1372 3350 aeternae
1390 3248 1570 3335 beatitu»

500 3368 612 3456 dinis
642 3393 835 3483 partem,
866 3373 961 3489 ipso
994 3374 1232 3500 largiente,
1261 3372 1352 3470 sine
1372 3370 1454 3464 fine
1486 3395 1572 3454 rue·

500 3515 667 3575 reamur
696 3489 947 3605 possidere.

942 3675 1112 3764 CCC.

802 3817 879 3881 DE
910 3817 1275 3884 ettoetrn‘m

604 3969 831 4082 Prophetae
848 3970 1046 4063 dicuntur
1065 3972 1274 4069 uidentes,
1298 3962 1395 4103 quia
1413 3961 1570 4081 praevi·

485 4083 784 4184 destruunt.
820 4091 1017 4205 Quorum
1049 4091 1119 4179 alii
1145 4113 1243 4196 sunt
1262 4083 1466 4195 majores,
1497 4082 1568 4171 alii

496 4199 713 4290 minores.
748 4208 937 4319 Maiores
970 4208 1087 4302 enim
1125 4233 1223 4297 sunt
1248 4230 1461 4320 quatuor,
1488 4203 1569 4291 sci·

496 4316 594 4405 licet
617 4324 770 4427 isaias,
793 4331 1024 4438 Jetemias,
1054 4326 1239 4423 Daniel,
1269 4324 1500 4413 Ezechiel.
1517 4323 1567 4406 ln

494 4433 587 4521 istis
605 4443 717 4529 enirn
735 4504 749 4545 ,
767 4450 935 4559 quando
953 4445 1176 4584 leguptut
1164 4475 1208 4531 rn
1227 4442 1414 4531 Ecclesia
1433 4499 1447 4538 ,
1482 4469 1572 4526 non

493 4551 652 4644 dicitur
669 4564 731 4646 Tu
755 4586 926 4669 nutem,
946 4566 1116 4654 Domine
1131 4624 1175 4699 .’
1164 4562 1238 4647 sed
1253 4564 1354 4648 Haec
1369 4559 1468 4647 dicit
1483 4558 1571 4645 Do·

479 4672 667 4775 minus,
698 4681 795 4794 quia
827 4682 1143 4819 comminatorii
1167 4703 1295 4781 sunt3
1329 4678 1425 4790 quia
1450 4705 1566 4766 com·

495 4788 708 4883 minantur
736 4831 845 4902 nos,
869 4801 914 4891 in
931 4800 994 4891 eis
1020 4800 1175 4891 dicitur
1203 4747 1311 5004 Viuit
1327 4796 1557 4889 Dominus.
