4284 6125
1648 1447 2525 1513 EXPLICAT10.'
2986 1426 3161 1550 ἐἷς

1000 1550 1222 1642 dixit
1260 1550 1356 1635 ad
1395 1548 1802 1662 populum
1834 1547 2405 1633 Sicbimorum
2439 1608 2469 1645 ,
2501 1570 2831 1658 ponens
2878 1546 2999 1636 eis
3035 1584 3170 1665 pa·

998 1672 1371 1760 rabolam
1416 1670 1621 1752 hanc
1658 1667 1802 1784 (1)
1837 1700 1858 1751 z
1892 1669 2145 1786 Ligna
2197 1667 2408 1754 enim
2458 1688 2846 1752 venerunt
2878 1676 2991 1755 acl
3021 1672 3173 1758 0112

992 1824 1180 1879 vam
1224 1792 1387 1884 dyc.
1453 1787 1812 1872 Gedeon
1890 1813 2180 1899 typum
2241 1786 2464 1899 gerit
2524 1783 2945 1870 Domini.
3023 1792 3172 1876 Se,

994 1908 1434 2026 ptuaginta
1478 1906 1624 1990 filii
1674 1905 1850 2016 ejus
1885 1907 2417 2022 septuaginta
2467 1904 2777 2020 *linguae
2827 1933 3024 1994 sunt
3076 1908 3162 1996 in

996 2035 1163 2116 hoc
1208 2029 1522 2114 mundo
1563 2024 1849 2111 effusae
1884 2082 1913 2123 ,
1968 2026 2055 2110 in
2099 2025 2405 2138 quibus
2451 2054 2600 2138 per
2643 2027 2885 2110 fidem
2947 2029 3162 2114 filios

993 2147 1158 2236 sibi
1227 2144 1649 2233 Dominus
1710 2171 2257 2260 generaturus
2324 2169 2506 2232 erat
2565 2207 2585 2225 .
2661 2144 3168 2234 Abiinelech

992 2297 1209 2353 vero
1279 2290 1570 2379 typum
1634 2263 2149 2351 Antichristi
2204 2290 2492 2379 portat
2549 2322 2576 2360 ‚
2653 2261 2795 2375 qui
2864 2293 3161 2355 omnes,

994 2387 1355 2475 Sanctos
1408 2386 1495 2471 vi
1550 2443 1578 2481 ,
1631 2409 1719 2469 et
1771 2384 2371 2497 persecutione
2408 2446 2438 2483 ‚
2506 2385 2906 2494 omnique
2977 2412 3165 2472 erm

994 2505 1338 2590 delitate
1381 2501 2137 2605 cruciabinAchim
2175 2531 2383 2591 vero
2421 2501 2845 2587 minorum
2907 2504 3165 2619 figura

999 2624 1502 2710 Sanctorum
1540 2620 2014 2713 fuit.Sicut
2060 2623 2286 2710 enirn
2336 2618 2643 2708 Achim
2695 2648 2848 2736 per
2885 2621 3162 2742 fugam

996 2742 1347 2830 recessit
1402 2802 1427 2843 ,
1468 2769 1555 2829 et
1604 2741 1903 2854 reliqui
1944 2743 2240 2833 fratres
2279 2740 2703 2829 interfecti
2740 2769 2938 2829 sunt
2974 2774 2998 2841 ;
3034 2741 3158 2832 sic

990 2891 1245 2948 nemo
1322 2866 1681 2948 evadere
1751 2862 2072 2978 poterit
2144 2857 2827 2980 persecutionem
2907 2860 3161 2949 Anti-

994 2980 1291 3070 christi
1329 3042 1354 3081 ‚
1390 2981 1547 3067 nisi
1585 2982 1731 3094 qui
1772 3011 1917 3097 per
1947 2981 2224 3101 fugam
2261 2978 2705 3070 recesserit
2731 3043 2756 3080 ‚
2793 3009 2883 3069 et
2919 3011 3158 3067 mon·

995 3125 1167 3184 tem
1207 3099 1831 3190 benedictionis
1866 3102 2338 3191 ascenderit
2371 3164 2399 3202 ‚
2434 3105 2588 3189 hoc
2627 3126 2760 3185 est
2797 3160 2822 3196 ‚
2888 3099 2974 3184 in
3019 3130 3155 3185 su*

998 3218 1496 3303 blimitatetn
1535 3222 1785 3322 fidei,
1818 3250 1907 3308 et
1945 3224 2354 3309 virtutum
2388 3219 2905 3307 ascenderit.
2944 3223 3152 3305 Pro·

995 3338 1293 3453 posuit
1340 3339 1648 3423 Achirn
1700 3345 2179 3457 parabolam
2222 3345 2428 3430 hanc
2463 3341 2668 3545 g2):
2727 3342 2978 3456 Ligna
3024 3339 3150 3427 vess

2591 3486 2646 3545 2

1055 3654 1167 3739 (1)
1201 3645 1379 3720 Ibid.
1416 3652 1637 3721 ver.8.
1693 3645 1923 3722 lerunt
1958 3652 2045 3723 li-
2132 3654 2363 3751 accipe
2393 3701 2413 3723 .
2442 3658 2613 3743 Quae
2637 3646 2973 3745 respondit
3007 3642 3146 3712 eise

994 3769 1135 3842 gna
1175 3794 1196 3826 ,
1255 3760 1327 3815 ut
1360 3762 1682 3841 ungerent
1727 3766 1924 3847 super
1972 3774 2043 3819 se
2136 3746 2651 3850 ‘Niiquidposst'i
2676 3749 2969 3818 deserere
3007 3737 3150 3811 dul-

1010 3867 1233 3939 regem
1322 3893 1345 3926 ,
1420 3848 1860 3945 dixeruntque
1928 3848 2053 3920 oli·
2150 3852 2448 3920 cedinem
2491 3869 2733 3929 meam,
2761 3846 3150 3933 fructusque

1001 3965 1103 4013 *νε
1134 3957 1259 4011 etc.
2144 3948 2608 4029 suavissimos,
2637 3959 2698 4013 et
2725 3942 2848 4023 ire,
2875 3941 3150 4011 utinm·

1054 4048 1160 4130 (2)
1192 4040 1417 4122 judic.
1449 4066 1600 4135 cap.
1637 4042 1757 4116 cit.
1805 4051 2041 4115 lerunt
2135 4061 2358 4117 cetera
2389 4047 2574 4138 ligna
2600 4040 3150 4139 promovear?Lo·

1007 4138 1194 4231 ligna
1224 4185 1245 4218 ‚
1271 4155 1352 4209 ut
1378 4158 1703 4233 ungerent
1746 4159 1948 4238 super
1970 4166 2039 4213 se
2138 4159 2421 4238 tutaque
2438 4156 2590 4212 sunt
2603 4141 2789 4233 ligna
2808 4140 2894 4208 ad
2907 4136 3145 4207 vitem

1008 4257 1231 4329 regem
1260 4284 1282 4317 ‚
1341 4240 1782 4335 dixeruntque
1807 4241 2043 4313 oliva:
2145 4243 2335 4321 Veni,
2363 4256 2428 4309 et
2453 4242 2706 4336 impera
2737 4233 2947 4307 nobis.
2974 4235 3148 4317 ,ΕΞ-ιιι

1011 4342 1272 4427 Impera
1331 4335 1517 4405 nobis
1545 4340 1758 4428 ,Ξζιιιε
1786 4354 2048 4435 respon·
2141 4339 2477 4436 respondit
2537 4338 2632 4406 eis
2679 4364 2701 4405 z
2773 4322 3146 4426 ‘Numquid

1011 4430 1110 4498 dit
1140 4458 1158 4495 ε
1213 4434 1580 4531 Numquid
1627 4450 1893 4529 possum
1941 4438 2048 4506 de-
2132 4452 2406 4532 possum
2441 4432 2982 4505 desererevinum
3015 4443 3146 4495 me-

1007 4547 1227 4596 serere
1253 4531 1725 4625 pinguedinem
1779 4554 1993 4604 meam
2017 4582 2041 4616 ,
2140 4556 2256 4604 um
2280 4580 2304 4615 ‚
2338 4536 2515 4627 quod
2542 4524 2830 4615 laetificat
2879 4537 3094 4595 Deum
3127 4564 3152 4599 2

1011 4645 1148 4719 qua
1197 4641 1265 4693 et
1289 4629 1383 4698 dii
1415 4644 1699 4700 utuntur
1722 4678 1749 4711 ,
1802 4646 1868 4700 et
1922 4630 2043 4702 ho·
2139 4646 2212 4703 et
2235 4631 2531 4702 homines
2552 4677 2580 4710 ‚
2608 4644 2678 4698 et
2708 4630 2882 4698 inter
2917 4638 3147 4695 caeterae

1005 4724 1217 4791 mines
1244 4770 1268 4803 ‚
1328 4741 1391 4794 et
1415 4729 1648 4798 venire
1671 4775 1695 4807 ‚
1743 4742 1824 4797 ut
1867 4732 2040 4799 inter
2135 4729 2324 4823 ligna
2346 4727 2760 4825 promoveri?
2786 4726 3143 4794 Dixerunt-

1012 4819 1201 4911 ligna
1217 4832 1650 4916 promovear?
1676 4827 2042 4897 Dixerunt-
2140 4849 2270 4923 que
2303 4828 2523 4897 omnia
2571 4825 2755 4919 ligna
2785 4825 2872 4891 ad
2911 4819 3138 4888 rham-

1007 4937 1137 5013 que
1162 4915 1345 5012 ligna
1370 4924 1457 4990 ad
1470 4926 1771 4995 arborem
1779 4920 1982 5009 ficum
2018 4953 2039 4994 ε
2140 4948 2296 4997 num
2320 4953 2343 4995 ε
2380 4924 2543 4994 Veni
2569 4970 2592 5005 ,
2644 4938 2709 4993 et
2745 4921 2991 5017 impera
3023 4934 3149 4985 su-

1013 5015 1183 5086 Vem’
1206 5064 1230 5099 9
1262 5030 1326 5086 et
1373 5032 1568 5116 super
1620 5043 1734 5094 nos
1761 5045 2039 5120 regnum
2130 5037 2258 5120 per
2284 5046 2398 5094 nos
2425 5038 2549 5092 etc.
