4284 6125
1211 788 1228 801 “Ι

450 787 1633 1046 υ

1570 1040 1587 1049 ι.

1588 1044 1633 1055 -ι-

771 1351 1262 1414 msxrulcarto
1480 1343 1571 1431 345

501 1483 572 1540 mo
590 1475 685 1548 est,
715 1444 787 1536 dt
776 1467 1078 1564 interpretatur
1097 1448 1278 1528 Laudare
1297 1354 1425 1524 Det'tt‘n
1445 1488 1454 1521 ι
1487 1439 1572 1523 Ge·

499 1570 652 1658 neralis
671 1597 761 1654 tuos
780 1562 948 1653 Sanctae
968 1560 1166 1652 Ecclesiae
1185 1559 1395 1655 inolevit,
1427 1580 1473 1641 ut
1491 1557 1569 1642 hoc

498 1689 661 1775 divinae
687 1683 934 1772 laudationis
966 1710 1131 1770 carmen
1162 1702 1337 1793 propter
1375 1707 1574 1765 reveren-

502 1809 602 1893 tiam
623 1804 770 1920 primae
801 1801 1060 1891 auctoritatis
1091 1830 1113 1886 a
1145 1798 1310 1886 cunctis
1329 1829 1402 1912 pet
1424 1802 1572 1884 orbem

500 1927 693 2012 fidelibus
714 1925 880 2009 hebraea
897 1949 1003 2007 voce
1021 1943 1243 2006 cantetur:
1265 1926 1376 2030 quod
1393 1921 1490 2007 ideo
1510 1926 1574 2028 fit,¹

499 2069 546 2131 ut
580 2074 653 2158 pet
677 2041 768 2128 talis
789 2039 1106 2129 consonantiam
1138 2039 1416 2138 devotionis,
1438 2045 1571 2130 onmis

501 2167 774 2248 admoneatur
805 2158 988 2245 Ecclesia
1021 2217 1035 2257 ‚
1083 2156 1180 2270 quia
1213 2181 1254 2241 et
1282 2188 1391 2242 nunc
1426 2160 1468 2242 in
1493 2191 1573 2249 una

501 2282 618 2415 fide’.
646 2303 690 2364 et
726 2275 1043 2375 confessione,
1075 2304 1120 2362 ac
1157 2275 1384 2361 dilectione
1407 2277 1571 2368 Christi

501 2401 733 2485 consistere
770 2398 949 2495 debet,
979 2417 1022 2482 et
1054 2397 1103 2480 ad
1131 2392 1281 2479 illam
1269 2425 1313 2480 tn
1333 2393 1475 2484 futuro
1503 2430 1571 2513 pa·

502 2517 624 2603 triam
645 2514 872 2617 festinare,
903 2514 948 2600 in
975 2542 1052 2626 qua
1083 2512 1191 2598 nulla
1210 2510 1435 2602 diversitas
1454 2547 1570 2604 men-

502 2635 647 2735 tium,
690 2636 797 2721 nulla
823 2660 885 2722 est
918 2630 1178 2718 dissonantia
1211 2632 1488 2764 linguatum.
1524 2643 1569 2721 ln

503 2758 577 2840 ltac
606 2755 718 2841 enirn
745 2747 1103 2884 Quinquagesima
1140 2778 1273 2864 genua
1305 2750 1349 2835 in
1378 2753 1569 2845 oratione

503 2903 589 2957 non
619 2872 857 2969 flectimus,
890 2897 986 2982 quta
1019 2895 1200 2999 genuum
1225 2867 1398 2957 inflexio
1433 2877 1571 2987 poeni·

502 2989 680 3089 tentiae,
710 3012 753 3074 et
779 2990 913 3074 luctus
940 2983 1135 3073 inditium
1156 3006 1252 3076 est
1289 2988 1427 3103 Quod
1445 2993 1571 3082 etiam

503 3108 699 3194 omnibus
724 3106 966 3193 Dominicis
990 3106 1137 3191 diebus
1171 3109 1477 3195 observandum
1506 3144 1570 3199 est

502 3252 679 3338 propter
713 3226 898 3334 ejusdem
933 3224 1254 3311 resurrectionis
1291 3226 1567 3314 Dominicae
1556 3269 1581 3329 ,’

504 3347 570 3427 vel
590 3368 747 3428 nostrae
768 3364 1053 3429 sacramenta
1093 3346 1262 3429 Peracta
1279 3342 1572 3462 quinquagesi-

501 3492 567 3547 ma
592 3461 660 3547 die
695 3491 781 3546 non
818 3459 957 3547 statim
991 3490 1123 3593 genua
1145 3491 1321 3549 curvare
1337 3464 1560 3550 debemus
1555 3505 1584 3565 ·,·

502 3583 573 3666 sed
611 3609 684 3693 per
716 3602 844 3664 totam
863 3579 975 3665 illam
1003 3578 1274 3693 septimanam
1306 3604 1459 3669 stantes
1477 3585 1570 3671 1)οὲ

498 3699 615 3784 mino
645 3699 958 3813 supplicamus,
989 3695 1032 3785 dt
1049 3696 1230 3811 Atticen
1252 3699 1442 3836 quotidie
1471 3734 1567 3819 per·

496 3848 728 3918 sonamus3
760 3817 856 3930 quia
872 3815 1132 3930 septiformis
1152 3843 1219 3905 est
1236 3817 1364 3934 gratia
1384 3819 1568 3936 Spiritus

496 3935 669 4023 Sancti
700 3884 800 4046 lure
832 3934 1126 4023 solemnitas
1090 3965 1179 4044 etus
1205 3965 1281 4051 pet
1299 3962 1457 4050 septem
1478 3942 1568 4029 dies

450 4073 455 4083 '
494 4054 612 4141 laude
641 4057 895 4166 hymnorum
919 4054 1059 4141 debita
1094 4056 1246 4152 simul,
1279 4056 1567 4147 etNlissatum

496 4174 782 4261 celebtatione
803 4173 988 4268 colitur,
1021 4171 1118 4287 quia
1153 4197 1344 4287 tempore
1364 4181 1568 4265 Penteco-

496 4315 579 4374 stes
600 4293 787 4380 Ecclesia
805 4320 896 4381 toto
915 4296 1020 4379 orbe
1038 4301 1177 4378 novos
1195 4320 1358 4406 semper
1377 4295 1473 4383 Deo
1491 4328 1567 4410 po·

494 4410 617 4519 pulos
657 4439 734 4524 per
781 4442 927 4523 aquam
972 4410 1304 4525 regenerationis
1346 4442 1582 4529 aggregate.

496 4528 746 4614 consuevit.
782 4533 837 4613 Et
869 4535 947 4614 hoc
969 4558 1055 4613 non
1084 4560 1134 4616 ex
1158 4552 1301 4616 nostra
1328 4536 1566 4643 persuasio·

495 4669 584 4739 ne,
618 4650 687 4730 sed
705 4678 755 4734 ex
775 4646 1025 4763 Apostolica
1043 4648 1321 4783 auctoritate3
1340 4680 1565 4761 sequentes
1644 4725 1647 4729 .

496 4760 666 4849 Beatum
684 4770 850 4855 Petrum
870 4768 1161 4884 Apostolum,
1193 4767 1265 4879 qui
1302 4767 1347 4853 iu
1371 4768 1461 4883 ipsa
1495 4765 1584 4855 die¹
