4284 6125
771 1364 1282 1438 annuento:-
1485 1358 1577 1463 453

627 1465 757 1557 Dicta
791 1467 1104 1558 Communione
1137 1526 1153 1568 ,
1183 1466 1227 1555 ἃ
1260 1463 1378 1556 finita
1410 1462 1579 1568 Missa,

514 1588 708 1703 procedit
724 1586 967 1688 Diaconus,
997 1587 1040 1675 ἃ
1061 1585 1158 1703 legit
1176 1586 1443 1703 Evangeiiunt
1467 1584 1579 1673 Mat·

517 1707 619 1792 tbaei
649 1767 663 1806 ,
709 1707 872 1795 scilicet
896 1710 971 1827 (1)
997 1739 1010 1795 t
1052 1708 1165 1793 Liber
1190 1703 1577 1801 Generationissesu

514 1825 690 1912 Christi.
722 1826 979 1946 Genealogia
1015 1824 1215 1913 recitatur
1237 1851 1316 1939 ¹per
1336 1821 1582 1937 quadragin-

514 1952 589 2042 ta,
619 1939 661 2031 ἃ
695 1947 801 2031 duos
819 1949 992 2046 Patres,
1025 1943 1142 2060 quasi
1168 1972 1241 2058 per
1275 1938 1580 2057 quadraginta.

511 2059 554 2148 ἃ
573 2064 672 2149 duas
695 2062 933 2151 mansiones
953 2064 1039 2151 itur
1057 2067 1106 2150 ad
1122 2065 1346 2174 jordanem
1365 2120 1379 2160 ,
1404 2064 1483 2146 noc
1500 2061 1579 2160 tii,

508 2182 558 2264 ad
584 2181 776 2269 Sanctam
808 2181 1028 2301 Virginem
1060 2183 1207 2301 gratian
1241 2176 1579 2295 plenitudineie·

509 2303 729 2386 enudatam
752 2331 767 2405 ;
799 2328 1011 2416 perquam
1040 2305 1089 2387 nd
1111 2325 1263 2387 tenant
1283 2294 1576 2413 promissionis

510 2413 726 2519 intratur,
756 2420 919 2510 scilicet
935 2423 984 2508 ad
1002 2419 1215 2508 Christum
1236 2478 1250 2519 ,
1280 2416 1351 2531 qui
1369 2417 1424 2504 efl
1446 2419 1578 2503 haere·

508 2535 614 2624 ditas
647 2560 923 2641 sanctorum,
954 2570 1039 2654 quo
1072 2539 1117 2625 in
1149 2537 1349 2657 praesenti
1381 2533 1576 2625 reficiun-

507 2673 609 2756 tut,
639 2654 680 2743 ἃ
705 2656 748 2743 in
773 2656 917 2749 futuro
937 2659 1233 2747 satiabuntur.
1268 2655 1361 2746 Post
1387 2656 1575 2773 Evange-

506 2770 607 2861 lium
634 2777 866 2869 Matutinoe
893 2779 1032 2864 laudes
1065 2794 1317 2866 cantantur.
1425 2886 1428 2891 Ι

788 3039 795 3047 ,
888 2944 1206 3068 ccxtvi

813 3103 874 3162 DE
905 3102 1105 3165 SECUNDA
1135 3101 1270 3174 MISSA,

573 3245 761 3340 Deinde
777 3250 969 3366 sequitur
983 3254 1060 3341 alia
1078 3252 1211 3342 Missa
1225 3250 1439 3347 secunda,
1471 3271 1569 3360 quat

502 3363 643 3454 necin
661 3368 730 3454 die
748 3429 764 3471 ,
798 3399 876 3460 nec
896 3370 1124 3460 antediem
1143 3429 1158 3472 ,
1188 3373 1265 3460 aed
1280 3369 1324 3458 in
1346 3393 1574 3479 crepunt.-

501 3484 546 3571 lo
576 3488 859 3590 decantatur,
903 3492 1000 3606 quin
1032 3489 1166 3609 agitur
1197 3492 1260 3574 de·
1283 3484 1569 3600 promissione

498 3602 620 3714 hujus
638 3605 922 3709 Nativitatia,
949 3639 1046 3725 que
1064 3612 1107 3695 in
1126 3607 1277 3700 Veteri
1293 3605 1568 3696 Testamenta
1692 3651 1698 3664 ·

500 3721 628 3811 fiebat
645 3725 746 3827 ein,
775 3728 849 3841 qui
869 3755 946 3816 nec
965 3729 1134 3845 penitus
1159 3728 1204 3816 in
1226 3748 1353 3816 nocte
1386 3720 1569 3810 infideli·

493 3841 590 3929 tatis
625 3867 782 3947 etant,
815 3871 898 3934 nec·
929 3849 1099 3964 penitus
1130 3848 1175 3934 in
1203 3844 1362 3933 iumine
1384 3839 1564 3954 justitia

491 3967 799 4064 versabantur,
830 3968 903 4052 sed
928 3969 1042 4055 inter
1068 3991 1336 4080 utrumqne,
1367 3959 1483 4076 qnasi
1513 3958 1560 4046 in

489 4083 739 4198 crepusculo
767 4088 1051 4174 volvebantur
1074 4116 1088 4188 ;
1119 4085 1274 4201 quibus
1304 4081 1560 4172 dicebaturt

486 4200 580 4285 Las
587 4201 797 4321 fulgebit:
828 4206 902 4318 qui
923 4233 1022 4294 vere
1039 4204 1115 4325 (a)
1140 4233 1226 4290 non
1254 4225 1349 4291 sunt
1375 4197 1560 4285 frustrati
1688 4238 1691 4242 ·

486 4345 562 4428 spe
578 4349 650 4406 sua
668 4382 682 4421 ‚
698 4321 741 4408 ἃ
760 4325 1056 4415 exnectttione
1078 4354 1091 4426 3
1111 4326 1220 4408 unde
1237 4321 1434 4411 dicuntur
1454 4316 1559 4401 niul·

485 4456 528 4517 ta
558 4437 600 4521 in
621 4442 766 4527 eadem
782 4443 945 4545 Missa,
981 4469 1030 4532 ut
1047 4441 1268 4555 Epistola,
1298 4438 1340 4527 ἃ
1366 4440 1560 4549 tininga·-

482 4551 617 4653 lium,
650 4556 693 4644 ἃ
717 4559 824 4661 alia,
853 4593 951 4676 qnae
984 4559 1198 4650 manifeste
1221 4558 1370 4647 {aetatu
1385 4553 1552 4647 Natini·

484 4693 612 4761 tatem
626 4678 913 4769 annuntiant.
1311 4723 1315 4732 ·

1180 4793 1316 4915 1²14

507 4940 563 5031 (t)
583 4935 705 5011 Matth·
728 4960 761 5015 ι.
785 4962 822 5023 ι.
969 4946 1026 5041 (a)
1044 4939 1136 5014 cod.
1152 4961 1258 5018 vero·
