4284 6125
802 1389 1265 1471 Exsulch'l'lol
1506 1414 1558 1507 ῃ

498 1531 722 1642 pturarum
750 1499 1083 1638 intelligentiam
1103 1501 1348 1619 pertingere
1373 1530 1461 1591 non
1493 1540 1564 1600 va·

499 1637 595 1730 let,
622 1655 695 1743 qut
684 1621 875 1712 Crucis
912 1619 1159 1734 mysterium
1189 1650 1276 1711 non
1304 1622 1490 1739 recipit,
1516 1631 1564 1719 ἅ

499 1744 668 1837 Christi
681 1742 876 1859 passione
895 1771 981 1829 non
999 1771 1044 1830 se
1064 1741 1200 1830 credit
1218 1770 1309 1830 esse
1327 1742 1565 1836 salvatumi

502 1867 597 1955 Soli
615 1864 728 1953 enim
746 1859 981 1950 Christiani
1000 1862 1105 1951 hanc
1128 1881 1291 1949 tantum
1322 1860 1566 1999 intelligen-

506 1985 605 2072 tiam
631 1987 821 2083 habent,
848 1979 921 2095 qui
950 1980 1087 2071 crucis
1121 1979 1384 2101 signaculo
1370 1982 1567 2102 insigniti

508 2126 634 2207 sunt;
667 2100 821 2218 quibus
837 2102 933 2193 vicit
949 2102 1104 2220 leot(1)
1119 2103 1290 2190 detribu
1306 2101 1415 2196 Judo
1438 2107 1565 2194 rodis·

502 2172 645 2311 Dauid
660 2222 815 2338 operire
828 2221 973 2308 librum
991 2224 1071 2321 ,ds
1086 2223 1242 2310 solvere
1256 2241 1406 2338 septem
1422 2222 1565 2343 signo·

498 2346 595 2431 cula
620 2339 739 2453 ejus
772 2345 820 2426 ln
854 2339 1017 2430 Christi
1048 2370 1229 2457 namque
1264 2339 1461 2458 passione
1493 2371 1565 2432 ve·

498 2462 593 2546 ium
611 2458 757 2572 templi
775 2457 948 2550 scissum
967 2483 1056 2563 est,
1076 2461 1174 2577 quia
1194 2484 1293 2548 tunc
1312 2485 1353 2546 et
1370 2459 1567 2577 Scriptu-

501 2607 567 2666 ras
591 2597 751 2692 apertae
773 2599 904 2683 sunt,
928 2579 971 2669 δι
997 2584 1181 2669 revelata
1198 2581 1451 2670 Sanctorum
1467 2609 1564 2669 cor·

502 2698 731 2814 pora(2).
768 2697 928 2788 Cetera
957 2698 1208 2789 videamus.

620 2820 722 2903 Post
742 2819 832 2905 hacc
854 2839 993 2907 autem
1000 2818 1242 2958 Episcopus
1267 2815 1420 2907 aliam
1406 2841 1563 2909 lterum

502 2962 650 3074 aquarn
669 2935 915 3044 benedicit,
943 2939 1011 3029 cui
1046 2971 1132 3030 non
1166 2963 1329 3029 tantum
1347 2938 1428 3040 sal,
1454 2939 1567 3028 sicut

501 3053 672 3167 priori,
696 3060 749 3143 de
768 3088 849 3172 qua
866 3059 1059 3179 superius
1085 3060 1299 3161 diximus,
1323 3057 1459 3146 sed
1418 3086 1568 3144 vinum

498 3200 672 3288 quoque
691 3173 962 3275 ,dtcinerem
981 3180 1153 3269 miscet.
1174 3180 1278 3264 Haec
1298 3195 1439 3263 autem
1454 3201 1567 3285 aqua

499 3287 712 3402 Spiritum
731 3293 931 3381 Sanctum
949 3298 1184 3427 significat,
1206 3296 1297 3377 sine
1317 3292 1436 3395 cujus
1455 3289 1567 3375 affla-

502 3404 625 3488 tione
652 3407 759 3488 nihil
784 3440 972 3541 unquam
991 3411 1311 3509 sanctificatur3
1344 3404 1435 3491 siue
1452 3400 1569 3515 cujus

497 3521 635 3646 gratia
668 3552 755 3608 non
790 3526 836 3609 fit
867 3522 1062 3614 remissio
1097 3546 1399 3641 peccatorum
1431 3524 1563 3660 Quod

497 3663 639 3727 autem
675 3640 860 3756 Spiritus
889 3646 1066 3733 Sanctus
1096 3678 1206 3764 aquo
1233 3662 1445 3742 vocetur,
1470 3644 1564 3759 ipsa

494 3759 658 3847 veritas
675 3763 882 3865 ostendit,
898 3763 1044 3853 dicens
1063 3764 1110 3879 (3
1116 3770 1165 3879 ):
1181 3761 1267 3873 Qui
1281 3761 1437 3852 credit
1422 3793 1463 3848 tn
1480 3794 1563 3865 me,

487 3878 596 3995 ficut
618 3880 717 3967 dicit
745 3883 955 3997 Scriptura
975 3941 989 3980 ,
1011 3879 1189 3991 flumina
1219 3887 1270 3967 de
1298 3902 1436 3968 ventre
1467 3880 1560 3993 ejus

488 3997 903 4115 fluentaquaevivae.
935 3999 1064 4114 Quod
1092 3998 1194 4111 quid
1212 3998 1439 4116 significet,
1457 4029 1561 4088 mox

497 4118 768 4233 Evangelista
797 4146 1050 4234 exponens,
1083 4118 1265 4234 ait(4)t
1295 4120 1390 4208 Hoc
1420 4140 1589 4208 autem·
1694 4140 1696 4144 ’

495 4236 607 4321 dixit
621 4244 675 4321 de
688 4237 839 4351 Spiritu
859 4297 873 4336 ,
894 4266 1013 4371 quem
1037 4236 1242 4350 accepturi
1259 4257 1378 4324 erunt
1392 4242 1559 4325 creden·

498 4355 753 4442 resineam.
787 4354 1057 4472 Aquargitur
1076 4352 1259 4470 Spiritus
1277 4353 1482 4445 Sanctus.
1500 4359 1557 4443 Er

499 4472 599 4556 vide
630 4473 827 4559 ordinem
864 4474 1156 4561 Sacramenti:
1193 4474 1386 4563 Exterius
1420 4505 1558 4589 aqua,

499 4585 679 4680 interius
714 4592 878 4710 Spiritu
911 4593 1096 4682 Ecclesia
1128 4621 1430 4685 consectatur.
1464 4594 1560 4700 Hoc

527 4783 581 4865 (ι)
614 4780 808 4877 Apocalyp.
828 4801 910 4867 v..5
994 4803 997 4810 ·
1083 4790 1136 4875 (3)
1167 4785 1264 4867 Joan.
1281 4785 1352 4855 vri.
1369 4784 1426 4871 38.

530 4879 583 4958 (ι)
599 4876 702 4949 Editt.
718 4894 750 4947 et
765 4881 914 4955 relevata
927 4896 1006 4956 sunl
1078 4891 1132 4981 (4)
1159 4881 1249 4955 lbid.
1263 4903 1337 4955 ver·
1357 4900 1415 4974 39.

496 4974 623 5059 §antu
639 4982 856 5052 &meorum
1085 5031 1092 5040 -
1373 5045 1376 5056 .
