4284 6125
828 1360 1262 1436 rxrurcrtrro.
1504 1356 1591 1469 289

511 1487 702 1589 guntur,
734 1466 831 1582 quia
861 1496 941 1585 pro
968 1470 1134 1555 duobus
1158 1460 1327 1582 populis
1353 1495 1496 1582 passus
1528 1500 1593 1562 est

508 1589 709 1676 Christus
729 1649 743 1690 ,
762 1589 948 1675 Hebraeo
970 1648 984 1686 ,
1015 1582 1236 1673 &Gentili
1255 1651 1265 1670 .
1287 1585 1424 1672 Prima
1444 1618 1494 1673 ex
1513 1592 1589 1678 Le·

506 1737 593 1824 ge,
623 1710 806 1795 secunda
828 1711 880 1792 de
900 1703 1123 1819 Prophetis
1146 1736 1158 1805 ;
1196 1703 1292 1819 quia
1313 1705 1476 1792 Christi
1500 1739 1588 1823 pas·

507 1829 575 1915 sio
592 1823 635 1912 dt
656 1827 803 1945 aLege
833 1825 1098 1943 praefigurata
1126 1821 1222 1924 fui-t,
1253 1846 1294 1909 et
1323 1828 1589 1942 aProphetis

506 1946 734 2060 praedicata
757 2010 767 2030 .
803 1946 905 2032 Sine
924 1943 1057 2030 titulis
1084 1944 1313 2061 leguntur,
1347 1944 1442 2056 quia
1462 1975 1588 2061 caput

505 2087 702 2153 nostrum
737 2066 862 2152 uobis
898 2061 1121 2149 aufertur.
1155 2064 1201 2145 In
1239 2062 1329 2176 ipsa
1362 2088 1583 2155 cantantur

502 2184 590 2271 duo
617 2183 833 2271 Tractus:
866 2184 987 2268 Unus
1025 2185 1147 2271 habet
1189 2204 1368 2295 quatuor
1404 2213 1584 2289 versus,

503 2302 608 2390 alter
626 2305 765 2421 plures
790 2367 800 2386 .
837 2302 1016 2389 Tractus
1044 2300 1115 2416 qui
1137 2298 1260 2384 habet
1280 2327 1460 2413 quatuor
1489 2334 1585 2389 ver·

505 2449 575 2508 sus
599 2480 613 2520 ‚
643 2421 883 2537 significat,
916 2423 1028 2536 quod
1050 2449 1124 2534 per
1140 2417 1309 2505 'Christi
1342 2421 1583 2535 passionem

504 2539 728 2633 redimitur
761 2541 923 2638 homo,
956 2541 1027 2653 qui
1068 2569 1119 2623 ex
1148 2560 1329 2649 quatuor
1359 2539 1579 2629 elementis

503 2679 669 2744 constat
688 2722 699 2743 .
716 2658 892 2745 Tractus
926 2662 1029 2744 vero
1067 2658 1275 2772 prolixior
1301 2683 1582 2774 repraesentat

500 2806 694 2895 magnum
732 2778 886 2863 bellum
932 2775 1071 2864 David
1112 2797 1260 2862 contra
1292 2777 1493 2865 Goliath.
1525 2782 1581 2867 Et

502 2893 736 2996 Christus,
765 2918 912 2983 noster
940 2893 1082 2983 David
1119 2894 1241 2981 hodie
1275 2926 1468 3016 magnum
1490 2900 1580 2988 Go-

500 3011 635 3116 liath,
661 3016 770 3102 idest
793 3079 805 3113 ,
826 3013 1048 3104 diabolum
1064 3013 1319 3102 debellavit.
1358 3018 1409 3104 Et
1437 3018 1577 3132 passio

498 3133 680 3219 Domini
712 3135 945 3221 celebratur
975 3136 1203 3221 secundum
1231 3134 1472 3244 Joannem,
1503 3137 1581 3222 sed

499 3251 917 3341 Domiuuruobiscum
951 3283 1038 3340 non
1056 3250 1213 3339 dicitur
1230 3255 1335 3369 (1),
1373 3282 1450 3339 nec
1478 3256 1579 3341 cho·

498 3397 572 3454 rus
606 3368 710 3455 dicit
731 3370 870 3457 Gloria
906 3373 976 3460 tibi
1002 3372 1173 3459 Domine
1202 3402 1214 3472 ;
1246 3372 1335 3486 ipsa
1374 3369 1487 3457 enim
1506 3371 1576 3460 die

498 3487 734 3574 omittenda
762 3516 827 3575 est
859 3488 1049 3577 salutatio
1068 3489 1113 3575 in
1137 3491 1369 3587 membris,
1413 3490 1510 3605 quia
1528 3492 1575 3578 in

496 3605 705 3693 traditore
742 3606 951 3723 discipulo
992 3608 1088 3696 falsa
1128 3608 1338 3696 charitatis
1381 3612 1574 3700 salutatio

493 3725 707 3838 processit
728 3791 738 3809 .
757 3728 871 3812 Dum
895 3751 1032 3815 autem
1054 3727 1223 3814 venitur
1247 3733 1294 3816 ad
1317 3731 1480 3830 locum,
1500 3729 1581 3818 ubi'

494 3841 652 3931 dicitur
669 3846 744 3968 (2)
762 3877 774 3933 s
806 3847 952 3935 Partiri
968 3868 1066 3934 runt
1080 3848 1313 3938 vestimenta
1331 3879 1418 3936 mea
1440 3910 1454 3949 ,
1487 3853 1571 3936 duo

1264 3967 1302 4052 T

521 4155 575 4239 (r)
590 4153 627 4225 In
643 4150 718 4224 aliis
735 4170 850 4241 autem
868 4153 1004 4236 diebus,
1054 4175 1127 4222 rum
1144 4199 1155 4231 ‚
1188 4170 1219 4223 et
1246 4150 1460 4226 Hebdomada
1475 4167 1572 4234 tota,

493 4245 618 4358 opibus
632 4248 750 4322 Passio
768 4248 895 4345 legitur
909 4298 920 4330 ,
934 4258 1004 4319 Do·
1053 4247 1573 4344 Biblioth.PP.T.xx.pag.1r27.

492 4344 602 4413 minus
617 4346 789 4418 uobiscum
817 4364 898 4418 tunc
915 4365 1000 4419 tem·
1048 4396 1073 4428 ,‚
1089 4347 1127 4417 In
1140 4347 1196 4418 dic
1211 4348 1402 4420 Primatum
1419 4397 1429 4429 ,
1447 4347 1568 4441 inquit,

494 4438 592 4531 poris
608 4443 808 4524 dicebatur,
821 4462 859 4513 ut
878 4446 998 4515 exhor
1047 4493 1072 4526 „
1088 4460 1123 4515 et
1140 4447 1311 4527 secunda,
1337 4464 1370 4516 et
1388 4465 1506 4538 quarta
1521 4443 1568 4513 fe-

495 4531 577 4604 loco
590 4539 770 4611 evincitur:
785 4540 922 4611 Clarius
936 4565 999 4611 ve·
1050 4590 1074 4624 ,‚
1090 4539 1139 4610 ria
1151 4545 1311 4612 Dominus
1323 4542 1495 4612 uobiscum
1512 4559 1569 4608 an-

489 4652 536 4702 to
552 4630 696 4725 idipsum
708 4636 811 4709 tradit
823 4637 999 4709 Honorius
1049 4687 1074 4720 „
1089 4656 1121 4707 te
1135 4639 1331 4708 Passionem
1353 4637 1493 4715 dicitur,
1507 4635 1567 4704 sed

491 4731 998 4819 AugustodunensisirrGemma
1046 4733 1203 4817 „Gloria
1244 4733 1307 4802 tibi
1333 4733 1472 4801 Domine
1501 4752 1568 4815 uon

490 4824 609 4895 anime
631 4831 669 4895 de
687 4833 853 4926 antiquis
869 4830 996 4916 Ritibrrs
1048 4881 1071 4915 ,‚
1086 4829 1302 4921 subjungitur
1318 4877 1327 4896 .
1345 4877 1368 4909 „

488 4922 604 4995 Mirsae
621 4921 996 5001 lib.rv.dedie1²alma-
1074 4934 1125 5018 (2)
1145 4928 1242 5010 loan.
1260 4948 1335 4993 xtx.
1353 4946 1413 5013 24·
