4284 6125
550 1435 608 1491 20
795 1416 1062 1481 nmnonun
1090 1384 1380 1472 o'rrscsonum
1514 1486 1516 1491 ,

549 1550 640 1605 rum
663 1575 673 1593 .
707 1506 777 1593 Sic
802 1516 936 1624 coeplt
956 1502 1206 1624 praedicatio
1222 1500 1397 1611 Joannls
1418 1564 1428 1585 .
1449 1496 1509 1590 sic
1529 1529 1619 1593 cosa·

550 1636 615 1753 pit
633 1624 884 1741 praedicatio
906 1623 1067 1712 Christi
1088 1684 1100 1703 .

664 1746 711 1824 In
745 1745 808 1830 his
839 1765 977 1831 autem
1001 1738 1199 1830 omnibus
1216 1738 1295 1829 soli
1315 1736 1480 1856 parvuli
1506 1739 1622 1829 exci-

552 1860 763 1976 piuntur,
794 1861 838 1947 a
858 1861 989 1948 ceteri
1027 1922 1040 1960 ,
1071 1860 1145 1975 qui
1178 1857 1501 1979 intelligentiam
1528 1890 1615 1946 non

548 1980 735 2066 habent.
769 1981 872 2066 Haec
899 1979 956 2066 est
989 1979 1120 2098 igitur
1156 2009 1322 2079 causa,
1369 2006 1498 2093 quare
1524 1981 1614 2068 haec

547 2099 719 2197 omnia,
749 2095 879 2198 idest,
897 2129 1033 2212 aqua,
1064 2096 1108 2185 dt
1124 2101 1180 2187 sal
1199 2160 1214 2200 ,
1244 2098 1422 2197 vinum,
1452 2095 1616 2185 &cinis

538 2218 671 2306 simul
703 2213 958 2305 misceantur
986 2252 1000 2321 3
1034 2217 1132 2333 quia
1149 2242 1231 2318 ,ut
1247 2216 1463 2317 diximus,
1492 2216 1526 2303 si
1546 2216 1615 2300 vel

544 2366 674 2425 unum
692 2333 874 2422 defuerit
887 2368 1056 2451 ,patum
1076 2338 1229 2454 vel(1)
1245 2363 1383 2425 cetera
1402 2359 1579 2453 prosunt
1598 2397 1608 2416 .

664 2450 833 2565 Quibus
852 2457 909 2542 ita
930 2458 1179 2571 permixtis,
1195 2456 1357 2546 accedit
1375 2457 1610 2569 Episcopus

543 2576 597 2662 ad
614 2573 774 2672 Altare,
791 2575 835 2661 a
852 2602 1029 2692 accepto
1046 2576 1247 2667 fasciculo
1269 2576 1456 2689 hyssopi,
1473 2602 1523 2658 ex
1536 2575 1610 2689 (2)

543 2691 781 2805 supradista
813 2725 918 2810 aqua
951 2698 1135 2811 aspergit
1169 2758 1183 2798 ,
1229 2722 1354 2810 atque
1402 2691 1609 2780 santificas

541 2809 796 2909 Ecclesiam,
814 2814 858 2901 ἃ
877 2817 1047 2902 Altare.
1067 2817 1149 2901 Sed
1168 2815 1267 2930 quid
1286 2814 1431 2901 Altare
1447 2812 1491 2896 in
1509 2837 1610 2894 tem-

541 2929 618 3039 plo
636 2928 845 3045 significat
863 2934 976 3052 (3)2
1011 2935 1243 3051 Apostolus
1275 2932 1390 3019 enim
1416 2929 1519 3016 dicit
1537 2929 1611 3044 (4)

542 3050 760 3163 Templum
776 3052 855 3140 Dei
867 3075 1053 3142 sunctum
1069 3076 1159 3156 est,
1193 3054 1264 3173 (5)
1276 3056 1387 3172 quod
1400 3051 1495 3138 estis
1509 3079 1581 3136 vos
1598 3111 1608 3132 .
1627 3105 1633 3115 ·

541 3163 590 3252 si
612 3196 713 3286 ergo
734 3174 934 3290 templum
952 3174 1038 3261 Dei
1060 3206 1201 3262 sumus
1219 3235 1233 3274 ,
1262 3194 1305 3258 et
1324 3172 1470 3257 Altare
1490 3171 1613 3254 habe-

541 3289 807 3388 mus,Altare
824 3319 1021 3384 nostrum
1043 3321 1322 3390 cotnostrum
1341 3317 1420 3378 est:
1433 3289 1525 3376 Hoc
1539 3287 1612 3404 (6)

538 3409 656 3493 enim
675 3423 748 3498 cor
767 3411 813 3502 in
833 3416 1032 3514 homine,
1064 3417 1262 3529 quod'est
1279 3409 1424 3497 Altare
1441 3408 1486 3490 in
1507 3434 1607 3490 tem-

538 3525 644 3635 plo.
678 3526 727 3606 In
759 3530 840 3616 hoc
873 3534 987 3616 enim
1010 3534 1158 3617 Altare
1191 3535 1239 3613 fit
1270 3525 1521 3612 sacrificium
1555 3525 1610 3603 la·

539 3638 633 3722 udis
651 3638 724 3751 (7)
741 3697 755 3737 ,
772 3641 813 3724 ἃ
830 3643 1093 3750 jubilationis
1112 3675 1127 3743 ;
1157 3648 1269 3728 unde
1290 3638 1503 3721 Psalmista
1520 3636 1609 3749 (8)s

538 3755 795 3872 Sacrificium
813 3761 899 3852 Deo
915 3759 1082 3888 spiritus
1110 3756 1406 3849 contribulatus
1430 3780 1611 3841 corcon-

542 4016 679 4073 veteres
692 4002 724 4077 b.
739 4029 802 4100 pro
823 4030 861 4079 o.
890 4024 1048 4079 nunraro
1124 4004 1178 4092 (3)
1208 3998 1259 4068 Ita
1283 3992 1390 4064 Editt.
1421 3993 1514 4064 Cod.
1549 3994 1609 4061 Sed

543 4104 774 4195 usurpabant,
790 4104 891 4176 sicuti
909 4103 1047 4175 etiams
1096 4097 1262 4200 quomodo
1286 4092 1413 4162 ,Altare
1441 4084 1609 4186 significa·

542 4202 638 4289 proi
664 4249 676 4282 ,
702 4223 846 4292 quarum
875 4198 1050 4270 literarum
1101 4196 1203 4265 turin
1221 4191 1372 4288 templo?

543 4295 759 4382 promiscuus
768 4320 847 4365 usus
862 4293 1049 4387 inantiquis
1124 4299 1178 4390 (4)
1207 4317 1239 4363 ι.
1255 4291 1342 4361 Cor.
1358 4289 1422 4359 111.
1441 4310 1497 4378 17.

546 4387 1049 4481 Coddsaepissimeoccurrir.
1122 4397 1177 4484 (5)
1209 4389 1298 4461 Edit.
1325 4387 1411 4456 Ven.
1438 4382 1605 4474 etLugd.

537 4489 619 4575 ἑο)
650 4486 740 4561 Edit.
760 4489 847 4562 Ven.
874 4508 909 4562 et
935 4491 1045 4583 Lugd.
1095 4487 1254 4586 templum
1269 4480 1522 4575 Del....etquod
1538 4492 1605 4554 etr,

543 4587 701 4656 mendose
711 4588 967 4685 parvulism'ln'l
985 4603 1047 4657 etc.
1096 4590 1187 4659 Ach.
1225 4582 1382 4680 templum
1426 4576 1513 4643 enim
1539 4588 1603 4646 etc.

543 4679 794 4776 comparum,
823 4689 883 4763 uel
898 4687 985 4760 nihil
997 4708 1047 4756 cc·
1119 4688 1171 4775 (6)
1204 4683 1311 4752 Editt.
1328 4686 1399 4768 Huc
1416 4686 1462 4740 est
1476 4669 1585 4742 enim.

544 4794 615 4850 tera
623 4794 787 4875 prosunt,
1123 4787 1177 4873 (7)
1193 4780 1281 4848 Ach.
1298 4768 1546 4847 tribulationis,
1571 4785 1604 4858 ep

568 4879 778 5056 (zl'liditt,
809 4891 886 4969 citt.
922 4906 1049 4985 perpe·
1093 4878 1233 4955 laudis.
1284 4875 1338 4969 (8)
1365 4867 1486 4942 Psalt.
1506 4888 1562 4958 19.
1690 4969 1692 4974 Ι

533 4997 610 5070 cnm
635 5003 719 5070 aas,
