4284 6125
597 1309 660 1398 ⁶0
840 1326 1114 1396 mvmortusr
1144 1326 1425 1396 o‘sarctouunr

599 1428 816 1541 epulantes
837 1426 1043 1523 hortatur,
1060 1445 1109 1508 ut
1125 1424 1347 1510 comedant
1364 1483 1378 1523 ,
1407 1444 1449 1508 et
1476 1421 1623 1511 bibant
1640 1435 1657 1526 3

598 1573 642 1630 et
660 1543 929 1628 inebrientur
949 1543 1125 1642 ,diceus
1143 1539 1188 1626 in
1208 1540 1390 1630 Cantico
1408 1540 1653 1658 amoris(t)t
1680 1609 1685 1620 .

605 1661 816 1748 comedite
846 1661 967 1750 unrici
980 1660 1091 1762 mei,
1118 1679 1159 1747 et
1192 1659 1342 1760 bibite,
1368 1681 1409 1748 er
1435 1659 1659 1753 inebriami-

595 1780 640 1866 ni
655 1779 905 1867 charissimi.
929 1781 1131 1869 comedite
1149 1777 1657 1896 scilicet,faciendoprae·

596 1926 727 2013 cepta
747 1928 864 2000 ntea,
893 1922 932 1987 er
966 1900 1113 2001 dibile,
1132 1897 1308 2018 scilicet
1339 1896 1657 2016 integracltari·

597 2041 684 2106 tate
704 2049 768 2106 tne
787 2019 1080 2134 amplectendo
1100 2040 1169 2120 ,er
1185 2017 1460 2117 inebriamini,
1493 2021 1656 2110 scilicet

594 2138 785 2226 virtutes
828 2140 1038 2225 bonorum
1078 2138 1380 2224 retractando.
1413 2137 1654 2250 Torporem

596 2255 755 2345 mentis
779 2255 1010 2358 discutite,
1041 2279 1084 2344 et
1109 2258 1157 2345 ad
1178 2285 1363 2342 aurorem
1391 2275 1655 2345 aeternorum

590 2374 760 2464 accensi
794 2435 809 2476 ,
841 2375 1096 2495 temporales
1131 2404 1401 2492 poenasuon
1433 2374 1653 2465 sentietis.

590 2492 796 2583 Consedit
815 2556 830 2597 ,
849 2527 925 2586 uec
945 2495 1117 2584 satiatur
1140 2493 1244 2609 ,qui
1262 2494 1403 2609 epulas
1416 2495 1655 2608 Scriptura·

593 2645 689 2703 rum
720 2612 871 2704 didicit
899 2676 913 2716 ,
961 2639 1005 2703 et
1038 2613 1249 2726 justorum
1277 2616 1469 2728 exempla
1497 2614 1653 2717 novit,

589 2764 671 2823 nec
697 2759 835 2820 tannen
873 2732 1005 2824 vitam
1038 2731 1233 2821 correxit
1265 2796 1275 2819 .
1310 2731 1461 2834 Bibit,
1492 2752 1535 2818 et
1565 2763 1653 2820 non

591 2851 829 2941 inebriatur
861 2916 874 2957 ,
906 2852 981 2969 qui
1007 2873 1224 2969 praecepta
1251 2848 1353 2944 vitae
1392 2854 1670 2940 laetabundus

590 2973 742 3075 audit,
780 2976 852 3059 sed
890 2973 1160 3088 adimplendo
1196 2969 1315 3091 piger
1346 2991 1487 3068 manet
1507 3034 1518 3057 .
1539 2971 1654 3060 Beati

591 3116 688 3180 sunt
706 3152 720 3192 ,
737 3089 809 3206 qui
825 3092 887 3181 sic
924 3094 968 3179 in
987 3092 1057 3180 tali
1077 3122 1218 3181 mensa
1238 3093 1498 3190 comedunt,
1530 3116 1571 3177 et
1592 3091 1655 3178 bi·

590 3213 729 3311 bunt,
761 3231 804 3297 et
821 3212 1087 3301 inebriantur
1109 3275 1124 3315 ,
1149 3208 1350 3327 quoniam
1369 3209 1486 3326 ipsos
1505 3209 1653 3298 Domi·

590 3362 670 3417 uus
692 3353 848 3432 vocat,
879 3329 1024 3419 dicens
1045 3334 1150 3451 (2):
1190 3329 1334 3422 Venire
1350 3329 1555 3418 Benedicti
1578 3333 1655 3417 Pu·

588 3452 664 3537 tris
682 3449 789 3549 mei,
821 3451 1010 3565 percipite
1035 3480 1208 3572 regnum
1236 3513 1248 3548 ,
1279 3453 1393 3567 quod
1409 3449 1519 3536 vobis
1527 3480 1652 3563 puru-

591 3590 679 3654 rttrn
699 3569 817 3654 estod
832 3571 988 3688 origiue
1007 3571 1172 3659 mundi.
1190 3573 1292 3655 Post
1312 3567 1433 3654 talem
1453 3565 1652 3653 relectio.

554 3685 556 3687 ’
593 3714 691 3770 nem
710 3688 833 3772 cubat
854 3686 1043 3800 Sponsus
1062 3691 1136 3805 (3)
1154 3718 1249 3777 cum
1265 3688 1456 3797 Sponsa,
1472 3684 1551 3769 hoc
1569 3707 1650 3792 est,

594 3803 792 3894 Christus
827 3835 920 3894 cum
937 3808 1125 3895 Ecclesia
1148 3806 1192 3893 in
1211 3798 1389 3892 meridie
1408 3860 1423 3900 ,
1440 3802 1520 3887 hoc
1551 3826 1615 3890 est
1632 3841 1652 3910 ⁴,

590 3923 639 4010 in
666 3928 891 4041 splendore
911 3925 1175 4038 Maiestatis,
1191 3923 1265 4012 ubi
1293 3923 1501 4037 plenum,
1528 3921 1651 4008 etin„

593 4043 794 4134 deficiens
812 4046 951 4134 lumen
970 4069 1034 4136 est
1056 4108 1070 4148 ,
1094 4075 1137 4135 et
1163 4046 1353 4131 tenebrae
1380 4036 1502 4128 nullae
1530 4069 1543 4141 ;
1575 4042 1649 4133 ubi

595 4162 807 4264 caelestis,
839 4191 881 4252 et
902 4194 1105 4282 perpetua
1124 4163 1255 4283 gloria
1282 4184 1344 4245 est
1361 4216 1381 4257 ,Δ
1408 4186 1530 4281 quarn
1550 4155 1651 4245 San·

593 4275 676 4483 gis
707 4280 790 4368 suis
828 4286 1084 4400 praeparavit
1117 4281 1331 4376 Dominus
1369 4299 1512 4367 noster
1530 4279 1656 4390 Jesus

592 4486 595 4492 ,
641 4393 825 4486 hristus.

618 4592 676 4681 (r)
692 4564 796 4660 Cant.
811 4610 847 4660 v.
870 4545 902 4665 r.
933 4593 1100 4666 comedite
1175 4586 1460 4685 (alMatthmxtr.
1475 4603 1534 4682 34,

591 4688 723 4804 scenici,
753 4682 1103 4764 erinebrt'anrinr‘elra·
1187 4680 1437 4786 (alcontieu,
1616 4700 1618 4703 ⁴

593 4804 704 4858 sestam
723 4832 734 4855 .
