4284 6125
748 1379 1215 1441 emmenum.
1448 1384 1534 1474 351

469 1474 629 1564 minum
650 1469 796 1558 videre
821 1494 996 1585 potest,
1031 1470 1113 1558 nisi
1146 1471 1219 1585 qui
1247 1498 1397 1561 cuncta
1418 1502 1548 1566 terre·

467 1627 550 1694 nn,
581 1619 624 1679 et
654 1590 845 1678 mortalia
870 1590 1118 1703 deposuerit
1150 1590 1284 1679 vitia.
1320 1595 1392 1679 Est
1409 1619 1452 1679 et
1469 1598 1547 1686 alin

467 1717 596 1831 figura
627 1709 672 1797 in
687 1739 739 1795 eo
763 1712 876 1823 quod
900 1710 1127 1795 excalceari
1143 1708 1313 1820 jubetur
1334 1713 1509 1823 Moyses
1530 1747 1545 1819 3

465 1859 658 1918 veterum
678 1840 856 1942 namque
874 1829 1138 1916 consuetudo
1157 1850 1247 1914 erat
1266 1890 1280 1928 ‚
1298 1854 1341 1916 ut
1359 1831 1392 1917 si
1413 1863 1543 1945 spon·

466 1981 552 2038 sum
571 1978 750 2064 sponsus
770 1944 991 2061 repudiare
1008 1946 1082 2061 (1)
1097 1946 1246 2044 vellet,
1263 1949 1542 2038 discalceare-

465 2100 534 2161 tur
556 2072 625 2159 iue
645 2129 660 2169 ,
693 2089 735 2152 et
753 2069 832 2153 hoc
851 2087 963 2152 esset
984 2066 1149 2180 signum
1168 2067 1336 2179 repudii
1355 2099 1368 2171 ;
1397 2072 1544 2182 proin.

465 2197 517 2280 de
541 2193 718 2303 Moyses
751 2184 978 2271 excalceari
1003 2184 1208 2294 jubetur,
1239 2213 1291 2269 ne
1315 2190 1366 2272 ad
1392 2191 1541 2278 Ecole.

466 2313 569 2397 siam
610 2372 623 2408 ‚
671 2333 765 2418 quae
799 2302 844 2389 in
880 2307 988 2390 rubo
1022 2300 1381 2418 significabatur,
1425 2308 1542 2419 quasi

465 2456 646 2545 sponsus
660 2425 860 2514 calceatus
878 2423 1096 2510 accederet
1117 2451 1129 2509 c
1162 2422 1252 2509 Hoc
1287 2424 1399 2510 enim
1418 2426 1544 2514 Chri·

465 2572 534 2637 sto
563 2545 841 2642 servabatur,
872 2540 945 2655 qui
973 2569 1098 2626 verus
1130 2569 1309 2653 sponsus
1336 2569 1458 2645 eret,
1489 2549 1543 2632 de

466 2698 552 2781 quo
578 2664 683 2752 dicit
712 2666 894 2772 Joannes
913 2662 1016 2777 (ψ
1045 2656 1142 2744 Non
1174 2690 1265 2746 sum
1281 2660 1433 2780 dignus
1460 2668 1543 2757 soi·

464 2819 554 2908 vere
573 2783 793 2902 corrigiam
810 2779 1073 2869 calceamenti
1088 2776 1178 2893 ejus
1205 2840 1215 2863 .

803 2946 1279 3104 ccxxxu1n‘

612 3220 763 3300 Quone.
793 3222 845 3283 m
874 3219 994 3281 RUBO
1025 3220 1235 3284 DOMINUS
1267 3223 1394 3281 APPA-

859 3335 973 3401 RUIT
1003 3341 1134 3403 MOYSI

582 3489 796 3576 Dominus
811 3490 886 3606 (3)
904 3490 1016 3578 enim
1036 3516 1262 3606 propterea
1280 3488 1324 3578 in
1347 3490 1456 3576 rubo
1474 3519 1544 3609 ap·

463 3607 604 3721 paruit
632 3606 813 3722 Moysi,
845 3634 888 3698 et
907 3637 994 3696 non
1021 3611 1064 3697 in
1088 3612 1170 3698 aiio
1203 3610 1356 3726 ligno,
1388 3637 1440 3694 ne
1460 3608 1543 3699 for·

464 3751 506 3811 te
524 3728 802 3839 exculperent
824 3727 868 3815 in
888 3731 1037 3818 eodem
1056 3729 1192 3840 Judaei
1205 3727 1373 3817 'idolum
1392 3758 1406 3831 ;
1439 3756 1544 3843 sem·

463 3875 541 3962 per
563 3847 676 3937 enim
694 3848 866 3937 abstulit
887 3848 1103 3938 Dominus
1125 3879 1289 3939 causam
1308 3843 1535 3938 idolatriae.

490 4058 544 4141 (1)
559 4053 749 4127 Deuteron.
765 4082 846 4129 xxv·
860 4081 896 4141 9.
1045 4063 1098 4147 (3)
1116 4056 1203 4129 Vide
1217 4056 1250 4126 S.
1265 4055 1438 4127 isidorum
1453 4051 1536 4125 His·

490 4156 544 4241 (2)
560 4149 657 4231 Joun.
672 4177 698 4223 1.
717 4178 774 4248 27.
796 4158 968 4247 cuiusego
1018 4154 1188 4247 polensem
1218 4152 1251 4223 in
1281 4153 1390 4227 Exod·
1417 4149 1530 4224 Com·
1626 4165 1630 4172 '

463 4270 527 4318 uon
541 4270 612 4320 sem
628 4251 770 4343 dignus,
792 4269 830 4321 ut
842 4250 971 4322 solvam
1021 4268 1123 4326 ment·
1142 4248 1280 4346 capeit.

463 4347 532 4428 cius
549 4348 726 4442 corrigiam
744 4349 969 4425 calceamenti.
