4284 6125
595 1300 686 1413 336
845 1322 1113 1395 ntvtnottutt
1143 1324 1436 1387 punctorum

595 1412 948 1529 'quemadmodum
980 1418 1149 1505 decimu
1173 1414 1244 1502 die
1272 1440 1372 1533 post
1389 1411 1576 1504 Domini
1603 1434 1679 1505 n'o·

596 1534 669 1619 siri
701 1536 1045 1637 Ascensionem,
1079 1533 1279 1650 quoniam
1313 1534 1550 1625 adveniens
1571 1592 1586 1635 ,
1611 1560 1676 1623 se·

593 1656 782 1766 deusque
805 1688 930 1770 supra
962 1656 1151 1773 singulos
1181 1682 1333 1743 eorum
1350 1652 1501 1741 docuit
1524 1681 1599 1751 eos
1617 1654 1678 1741 lo·

596 1773 668 1887 qui
704 1772 829 1859 variis
859 1776 1049 1893 linguis.
1085 1774 1215 1889 Quod
1252 1774 1542 1891 figurabatur,
1574 1768 1675 1885 quia

593 1919 646 1977 ex
669 1891 864 1981 omnibus
899 1893 1052 2011 linguis
1073 1889 1245 1981 venturi
1277 1917 1402 1980 eraut
1430 1891 1482 1981 ad
1513 1890 1674 1992 fidem.

595 2009 668 2125 qui
687 2038 761 2127 pet
779 2012 965 2123 ejusdem
996 2009 1170 2128 gratiam
1194 2040 1326 2108 unnrn
1357 2039 1514 2127 corpus
1532 2008 1677 2099 effice·

593 2152 743 2217 rentur
767 2138 788 2231 ,'
814 2134 1026 2244 variisque
1060 2129 1213 2249 linguis
1240 2128 1285 2227 in
1305 2157 1393 2217 uno
1411 2158 1597 2244 corpore
1614 2128 1673 2213 lo·

594 2273 826 2363 querentur
860 2283 886 2336 ·:
934 2250 1097 2341 Omnes
1139 2247 1252 2339 eninr
1284 2248 1424 2339 fideles
1465 2274 1559 2337 curn
1586 2244 1674 2335 sint

592 2367 719 2463 unius
737 2370 930 2486 corporis
957 2373 1182 2471 membra„
1213 2366 1342 2459 variis
1361 2370 1579 2467 dumtaxat
1595 2364 1672 2453 lin·

593 2485 685 2602 guis
707 2487 963 2601 loquuntur.

695 2605 822 2695 Nunc
843 2607 1057 2696 videamus
1078 2607 1127 2709 ad
1146 2629 1300 2722 quanta
1315 2632 1445 2693 onera
1460 2598 1673 2693 ltutnilitt·

593 2718 650 2806 tis
674 2724 814 2811 vocati
833 2753 930 2814 sunt
949 2723 1029 2841 ipsi
1048 2724 1278 2842 Apostoli,
1294 2727 1344 2813 ad
1360 2745 1562 2841 quantum
1579 2720 1670 2807 cul·

592 2867 691 2927 men
717 2842 864 2958 gloriae
891 2845 980 2935 rint
1017 2843 1242 2960 perducti.
1274 2844 1384 2939 Ecce
1418 2870 1503 2930 non
1529 2840 1671 2927 solunt

593 2959 645 3042 de
666 2961 902 3079 semetipsis
929 2963 1068 3055 securi
1093 2964 1232 3060 fiunt,
1263 2965 1335 3049 sed
1361 2958 1488 3049 etiarn
1518 2956 1671 3047 alienae

591 3080 896 3198 obligationis,
930 3106 973 3170 et
1008 3080 1283 3172 relexationis
1316 3103 1571 3196 potestatem
1606 3106 1671 3166 at·

593 3197 758 3315 cipiunt
777 3234 788 3289 :
823 3203 1108 3322 principatum
1130 3199 1303 3318 superni
1320 3198 1467 3310 judicii
1483 3197 1669 3286 sortiun-

592 3339 695 3417 tur,
727 3346 774 3408 ut
802 3324 895 3412 vice
914 3323 1000 3412 Dei
1028 3320 1277 3437 quibasdam
1306 3347 1479 3406 suorutn
1500 3315 1669 3434 pattici·

589 3464 692 3547 putu
713 3466 880 3549 peccata
901 3440 1142 3542 retineant,
1175 3441 1424 3554 quibusdam
1442 3437 1632 3528 relaxent
1653 3497 1665 3526 .

592 3551 663 3637 Sic
690 3583 762 3650 eos
780 3591 800 3644 a
818 3562 916 3646 Deo
935 3562 1111 3656 decebat
1135 3557 1239 3677 erigi
1258 3620 1274 3663 ,
1303 3559 1376 3673 qui
1406 3578 1569 3644 tanturn
1584 3583 1665 3672 pro

590 3667 691 3762 Deo
716 3703 1017 3766 consenserant
1044 3677 1283 3766 humiliari.
1317 3679 1399 3766 Sed
1432 3677 1524 3766 haec
1541 3698 1665 3791 pote·

591 3813 674 3886 stas
694 3823 780 3878 nou
799 3797 897 3883 solis
916 3797 1138 3913 Apostolis
1157 3858 1172 3899 ,
1203 3799 1274 3883 sed
1295 3796 1422 3885 etiarn
1440 3793 1567 3885 totius
1584 3792 1665 3878 Ec·

591 3907 731 4000 clesiac
769 3943 968 4003 concessa
995 3944 1057 4003 est
1091 3918 1401 4035 Apostolorum
1443 3906 1663 4026 posteris:

588 4029 740 4118 Petrus
789 4064 966 4148 namque
1001 4034 1114 4123 sicut
1150 4038 1196 4124 iu
1227 4065 1335 4125 voce
1368 4027 1565 4134 Ecclesiae
1597 4029 1667 4112 di·

589 4145 751 4271 xit(1)
770 4183 782 4237 t
818 4156 878 4239 Yu
905 4184 947 4243 es
968 4155 1150 4244 Cltrittnt
1169 4214 1183 4254 ,
1215 4155 1345 4242 Pilius
1363 4149 1437 4238 Dei
1452 4148 1537 4235 vini
1555 4208 1570 4247 ,
1601 4147 1667 4235 sic

589 4263 698 4364 &iu
725 4299 910 4390 persona
941 4271 1130 4387 ejusdem
1145 4273 1348 4372 Ecclesiae
1380 4266 1669 4387 audivit(2)t

616 4506 672 4595 (ι)
689 4502 950 4577 Matth.xv1.r6.
961 4505 1100 4577 'Adeuu
1152 4504 1316 4578 Christus
1344 4502 1378 4574 in
1406 4521 1493 4572 voce
1508 4492 1671 4567 Ecclesiae

589 4601 653 4675 dus
666 4599 755 4671 Ven.
766 4601 958 4676 Cardinalis
973 4602 1099 4675 Bellar·
1151 4603 1300 4676 dixerit:
1330 4607 1378 4684 ‚Ytt
1398 4621 1433 4669 es
1452 4610 1541 4677 etc„
1571 4615 1610 4664 ac
1636 4593 1672 4663 in

584 4695 701 4776 minus
715 4700 754 4767 db
769 4708 863 4785 Rom.
877 4709 974 4772 Pom.
997 4700 1094 4771 lib.1.
1152 4724 1295 4794 persona
1313 4693 1474 4780 Ecclesiae
1493 4688 1671 4764 audierit:

589 4795 743 4887 ‘²P·¹1l·
758 4797 815 4868 ubi
833 4820 874 4869 ex
886 4797 1025 4874 Patrurn
1040 4800 1101 4870 do·
1151 4802 1396 4892 „Quodcumque
1408 4806 1473 4863 etc.

586 4890 698 4988 cttiua
723 4893 872 4993 explicat
884 4943 900 4981 ,
922 4899 1096 4994 quomodo
1150 4993 1156 5002 ι
1176 4903 1230 4990 (3)
1242 4895 1461 5000 Manli-‘cap
1475 4887 1538 4972 tit.
1553 4905 1672 4978 γεω.
