4284 6125
587 1374 675 1468 294
824 1368 1091 1433 nrvrrronunt
1124 1367 1408 1429 orrrctortunr

587 1466 868 1586 gregatione,
901 1461 1189 1552 transcendit.
1225 1465 1362 1548 Habet
1381 1457 1643 1577 profundunt
1656 1518 1674 1562 ,

587 1587 687 1699 quia·
706 1583 909 1670 damnatis
935 1582 1111 1668 inferius
1133 1580 1415 1668 districtionis
1444 1608 1530 1666 suae
1558 1579 1674 1692 judi-

585 1709 696 1792 cium
725 1701 1213 1817 incomprehensibiliter
1232 1700 1369 1787 exerit
1399 1760 1410 1782 .
1444 1702 1555 1816 Quae
1587 1699 1676 1791 sci.-

583 1823 683 1911 licet
702 1847 884 1935 quatuor
904 1821 1029 1909 nobis
1060 1821 1103 1906 in
1124 1822 1197 1908 hac
1216 1821 1305 1906 vita
1322 1816 1472 1935 positis
1491 1816 1676 1934 singulis

584 1966 755 2029 exercet
776 1971 791 2043 ;
823 1940 920 2055 quia
938 1968 979 2026 et
997 1939 1260 2025 latitudinem
1280 1940 1482 2048 amando,
1512 1937 1557 2024 ἃ
1577 1940 1678 2029 lon·

550 2060 821 2178 'gitudinem
859 2063 1079 2146 tolerando
1113 2119 1129 2156 ,
1169 2058 1215 2145 dr*
1248 2058 1541 2145 celsitudinem
1578 2062 1676 2144 non

583 2181 721 2267 solum
739 2202 925 2265 nostram
946 2176 1268 2292 intelligentiam
1292 2177 1411 2276 ,sed
1431 2173 1558 2261 etiam
1592 2206 1676 2263 vo-

584 2322 626 2385 ta
655 2303 926 2413 superando,
968 2322 1012 2384 et
1037 2296 1372 2411 profunditatem
1400 2323 1515 2380 suam
1548 2295 1678 2382 exbi-

586 2421 693 2513 bet,
728 2420 916 2504 occultos
938 2478 951 2516 ,
984 2441 1025 2504 et
1057 2414 1228 2504 illicitos
1248 2415 1558 2530 cogitationum
1580 2443 1678 2502 mo·

583 2556 653 2623 tus
682 2534 872 2622 districte
897 2534 1158 2646 judicando.
1193 2534 1275 2620 Sed
1305 2533 1394 2643 ejus
1426 2532 1678 2637 celsitudo,

585 2680 628 2741 et
649 2654 912 2768 profunditas
944 2683 1068 2767 quam
1102 2655 1155 2741 sit
1173 2651 1507 2769 investigabilis,
1528 2653 1676 2741 nullus

584 2772 776 2888 agnoscit
798 2833 811 2871 ,
846 2773 926 2861 nisi
946 2774 1018 2886 qui
1042 2775 1113 2858 vel
1138 2771 1468 2886 contemplative
1490 2771 1539 2857 ad
1559 2801 1679 2861 aum·

586 2920 652 2976 ma
673 2894 894 3005 provehi,
926 2894 995 2981 vel
1020 2893 1198 2979 occultis
1228 2892 1415 2978 motibus
1446 2887 1676 2993 resistens,

586 3009 876 3099 tentationum
903 3011 1087 3127 coeperit
1112 3010 1436 3126 importunitate
1462 3009 1625 3095 turbati
1658 3075 1672 3095 .

1053 3249 1214 3337 curt.

969 3457 1044 3515 DE
1075 3457 1296 3516 EODEM

706 3602 878 3718 Legitur
898 3604 1008 3691 enim
1024 3666 1038 3705 ,
1055 3610 1169 3720 quod
1187 3608 1345 3721 Joseph
1371 3608 1441 3723 (r)
1465 3598 1679 3691 festinans

589 3714 783 3831 accipere
818 3723 1165 3810 benedictionem
1203 3728 1334 3840 patris
1366 3788 1381 3823 ,
1427 3728 1532 3811 duos
1565 3719 1679 3806 lilios

588 3863 686 3922 suos
710 3838 892 3938 obtulit,
911 3839 1074 3931 scilicet
1094 3846 1321 3931 Manassen
1346 3902 1359 3941 ,
1391 3871 1434 3930 et
1453 3835 1680 3956 Ephraim,

586 3952 805 4067 inquibus
826 4018 839 4056 ,
871 3958 981 4048 sicut
996 3960 1149 4048 luctum
1168 3990 1230 4049 est
1249 3968 1292 4049 in
1310 3965 1416 4049 Esau
1436 4023 1449 4061 ,
1466 3986 1507 4047 et
1522 3959 1681 4067 jacob,

588 4070 761 4205 dicente
789 4077 982 4163 Domino
1005 4083 1108 4197 (2):
1141 4083 1289 4195 Major
1320 4083 1465 4169 seruiet
1495 4078 1683 4177 mitioris

585 4214 645 4277 ita
674 4192 718 4278 in
755 4195 846 4282 istis
875 4200 1040 4285 duobus
1072 4199 1166 4288 filiis
1185 4204 1382 4317 loseph3
1417 4230 1511 4285 nam
1538 4194 1682 4304 major

585 4307 807 4400 Manasses
837 4380 848 4413 ‚
883 4317 955 4430 qui
993 4318 1296 4433 interpretatur
1319 4320 1473 4407 Oblivio
1492 4378 1505 4416 ,
1527 4342 1684 4428 typum

590 4429 720 4542 gessit
744 4436 1021 4543 ludaeorum,
1055 4440 1127 4551 qui
1156 4441 1281 4526 obliti
1320 4465 1415 4525 sunt
1436 4438 1686 4525 Dominum

589 4559 710 4634 suum
730 4610 745 4651 ,
777 4555 828 4638 de
849 4557 1001 4669 quibus
1018 4558 1172 4648 dicitur
1195 4562 1269 4679 (3)
1291 4591 1302 4646 ε
1336 4559 1461 4647 Obliti
1475 4577 1573 4645 sunt
1591 4555 1688 4643 Do·

609 4731 663 4813 (1)
694 4729 820 4801 Genes.
850 4760 923 4827 cap.
954 4740 1101 4812 xtvtrl.
1192 4748 1246 4829 (3)
1270 4708 1356 4811 Psal.
1386 4764 1445 4838 cir.
1477 4763 1527 4813 21.
1569 4692 1689 4809 oblita·

587 4842 813 4920 venuseqq.
871 4897 874 4904 ,
1156 4849 1438 4913 tuntDeumetc.

484 5019 514 5088 k
614 4920 1109 5036 l²l1bldoss²psnv0tren232
1212 4951 1233 5007 3
1351 4969 1355 4976 ·
