4284 6125
825 905 1252 963 exotrcnrro.
1487 881 1574 990 469

521 1002 749 1083 Thesaurus
775 1000 846 1115 (1)
862 998 1131 1084 desiderabilis
1149 1001 1358 1113 requiescit
1374 999 1495 1081 inore
1511 1031 1577 1081 so·

505 1117 686 1231 pientia.
720 1117 863 1203 Thure
880 1144 1017 1204 autem
1037 1118 1144 1233 (2),
1170 1123 1282 1230 quod
1305 1117 1492 1201 Domino
1515 1116 1577 1199 in·

516 1234 745 1335 cenditur,
777 1235 911 1322 virtus
927 1235 1135 1322 orationis
1160 1234 1441 1348 exprimitur,
1469 1233 1578 1319 Psal-

513 1350 637 1440 mista
654 1353 821 1440 dicente
837 1356 940 1471 (3)':
959 1356 1173 1473 Dirigotur
1190 1412 1205 1455 ,
1227 1353 1397 1439 Domine
1413 1350 1574 1450 ,oratio

512 1502 600 1558 men
621 1478 726 1562 st'cot
748 1473 950 1560 incensum
967 1473 1007 1558 in
1025 1492 1233 1587 conspecto
1253 1493 1323 1558 tuo
1344 1532 1354 1554 .
1380 1473 1455 1554 Per
1469 1497 1579 1580 myr-

512 1591 1062 1679 rhamverocarnisnosttae
1083 1588 1348 1678 mortificatio
1363 1589 1576 1701 figuratum

512 1711 624 1796 unde
643 1735 685 1796 et
704 1722 843 1798 sancta
856 1710 1041 1798 Ecclesia
1055 1712 1107 1795 de
1125 1709 1209 1797 suis
1224 1706 1427 1822 operariis
1445 1736 1576 1816 usque

510 1831 561 1915 ad
581 1852 759 1914 mortem
778 1857 856 1943 pro
874 1829 1063 1915 Domino
1087 1829 1346 1914 certantibus
1363 1823 1575 1937 dicit(4)a

510 1947 670 2035 Munus
700 1976 796 2062 orere
840 1948 1136 2035 distillaverunt
1181 1950 1385 2062 mprrlrom
1418 1980 1428 2027 ·.
1460 1941 1579 2033 Nato

515 2091 617 2180 ergo
634 2063 742 2182 Regi
771 2095 914 2153 autum
951 2067 1199 2165 offerimus,
1224 2067 1256 2150 si
1282 2064 1326 2148 in
1344 2087 1577 2173 conspectu

510 2180 624 2273 iilius
652 2182 836 2272 ctarirate
870 2215 1063 2299 supernae
1094 2181 1313 2297 sapientiae
1338 2179 1584 2295 resplende··

509 2331 633 2391 mus.
662 2306 785 2389 Thus
802 2304 1050 2401 offerimus,
1080 2301 1115 2388 si
1135 2300 1414 2416 cogitationes
1436 2299 1574 2386 carnis

505 2447 583 2534 per
601 2445 740 2510 sancta
756 2418 995 2508 orationum
1024 2419 1160 2507 studia
1186 2420 1231 2506 in
1262 2449 1328 2508 ara
1349 2419 1490 2508 cordis
1508 2417 1574 2505 in·

506 2540 724 2625 sendimus
743 2598 757 2639 ,
783 2560 831 2624 nt
863 2569 988 2627 suave
1007 2538 1162 2652 aliquid
1178 2541 1277 2625 Deo
1312 2539 1572 2653 percoeleste

504 2657 764 2744 desiderium
783 2659 974 2746 redolere
992 2660 1220 2746 valeamus.
1239 2657 1591 2770 Myrrhamoffe?

502 2773 671 2875 rimus,
695 2774 729 2861 si
754 2775 889 2864 carnis
907 2777 1010 2865 vitia
1043 2805 1118 2892 per
1144 2774 1438 2862 abstinentiam
1459 2803 1569 2859 mor·

502 2891 708 2981 tificamus
726 2925 739 2997 ;
772 2923 848 3007 pet
863 2900 1071 3010 myrrham
1092 2892 1204 2981 enirn
1222 2894 1374 3010 agitur,
1388 2918 1441 2976 ne
1458 2920 1570 2979 mor·

503 3035 572 3099 tua
600 3041 697 3100 caro
715 3017 1176 3129 putrescat.Mortoam
1190 3039 1294 3101 vero
1312 3037 1477 3098 carnem
1494 3039 1569 3124 pu·

501 3152 694 3219 trescere
733 3159 796 3220 est
814 3135 896 3222 hoc
933 3136 1106 3221 mortale
1126 3161 1280 3249 corpus
1305 3128 1433 3216 fluxui
1451 3130 1567 3216 luxu·

499 3249 576 3338 riae
594 3251 809 3339 deservire
828 3282 840 3339 s
874 3252 995 3342 Sicut
1014 3256 1066 3339 de
1091 3252 1336 3366 quibusdam
1368 3275 1443 3364 per
1463 3251 1565 3332 Pro·

500 3370 667 3484 phetam
693 3370 850 3457 dicitur
874 3375 978 3491 (5):
1011 3375 1348 3489 computruerunt
1372 3366 1576 3480 jumento·

502 3488 543 3573 in
560 3512 734 3578 stercore
761 3520 867 3579 suo.
900 3494 1091 3601 Jumenta
1115 3489 1271 3605 quippe
1306 3486 1349 3572 in
1372 3512 1563 3571 stercore

500 3636 578 3691 suo
604 3634 944 3722 computrescere
973 3636 1037 3695 est
1056 3672 1069 3709 ,
1088 3608 1268 3697 carnales
1291 3605 1480 3690 homines
1512 3604 1559 3691 in

492 3722 648 3814 foetore
668 3727 842 3816 luxuriae
852 3728 979 3816 vitam
992 3725 1345 3838 finireMyrrham
1358 3724 1572 3839 ergoDco·

495 3844 742 3949 offerimus,
767 3850 932 3969 quando
963 3852 1044 3940 hoc
1069 3850 1242 3936 mortale
1261 3872 1412 3959 corpus
1442 3875 1465 3928 a
1493 3842 1555 3926 lu·

994 4031 997 4042 ·
1114 3965 1303 4082 -Gca

489 4167 501 4209 '
519 4155 1002 4266 (riProverb.c.rx1.ver.ao.
1052 4172 1205 4244 citCod.
1222 4170 1331 4239 Thur.

497 4261 684 4337 Thesaurus
699 4270 944 4351 desiderabilis,
958 4277 1004 4346 ο·
1076 4276 1127 4358 (3)
1144 4266 1231 4337 Psai.
1247 4285 1358 4335 erm.

493 4357 603 4433 oleu'nr
618 4363 650 4432 r’rr
666 4362 852 4438 habitaculo
863 4368 945 4451 jetti
955 4407 982 4437 .·
1076 4376 1128 4457 (4)
1144 4362 1564 4448 Cant.v.5.8tiliavrrunt··'

518 4465 573 4551 (2)
590 4458 641 4532 Ita
654 4459 700 4563 ⁸8.
717 4460 908 4557 Gregorius
932 4462 1001 4539 loc.
1062 4470 1129 4564 (ς)
1144 4458 1230 4537 roal.
1244 4482 1347 4556 capu.
1360 4483 1488 4560 verny.
