4284 6125
796 1357 1610 1471 uxuutcnt.1o.46r

541 1489 786 1603 peccatores
818 1466 971 1556 violata
1009 1468 1169 1554 Christi
1193 1467 1356 1599 gratia,
1375 1462 1483 1554 sicut
1502 1471 1604 1558 San-

542 1617 618 1675 son
650 1584 783 1674 incisa
817 1615 967 1689 coma,
989 1584 1377 1674 ΙὲάῑεώοίιιεὶΙΙιιάἰῑ
1399 1589 1481 1675 Sed
1503 1591 1605 1702 quid

542 1733 605 1793 est
621 1766 635 1806 ,
654 1709 814 1820 quod
783 1705 944 1793 Sanson
974 1709 1024 1791 ab
1046 1704 1272 1822 Aiiuphilis
1294 1730 1437 1818 captus
1459 1735 1605 1821 ,post-

542 1853 665 1940 quam
701 1808 844 1913 oculus
875 1822 1100 1961 perdidit,
1128 1827 1178 1910 ad
1204 1823 1354 1909 moiatn
1385 1826 1608 1938 deputatus

541 1969 637 2042 est,
667 1941 765 2056 quia
783 1942 984 2032 nimirum
1006 1941 1175 2060 maligni
1198 1941 1371 2075 spiritus
1391 1945 1607 2059 postquam

540 2060 823 2149 tentationum
873 2060 1042 2150 stimulis
1089 2061 1205 2149 intus
1241 2058 1380 2148 aciem
1417 2087 1608 2150 contem·

539 2178 741 2295 platiouis
761 2178 997 2283 effodiunt,
1027 2179 1132 2268 foris
1154 2177 1397 2312 homi-nem
1386 2205 1429 2264 tn
1452 2179 1604 2269 circui·

540 2323 587 2386 tu
615 2299 803 2395 laborum
834 2297 1047 2389 mittunt.
1083 2301 1212 2415 Quod
1246 2296 1282 2384 si
1306 2297 1528 2410 aliquando
1556 2303 1605 2387 ad

539 2410 839 2532 poenitentiam
868 2422 1043 2517 redeat,
1074 2417 1135 2505 ilii
1155 2417 1270 2504 velut
1296 2445 1416 2503 coma
1443 2419 1608 2504 teduci-

541 2559 641 2636 tut,
675 2536 756 2631 hoc
786 2556 881 2638 est,
926 2537 1058 2671 gratia
1092 2534 1395 2623 reflorescente
1444 2564 1606 2651 repara

539 2675 608 2741 tur
635 2655 685 2746 ad
717 2652 953 2755 virtutem,
984 2655 1136 2744 deinde
1169 2651 1447 2767 cupiditatis,
1474 2657 1607 2752 aciu-

536 2770 672 2859 xuriae
708 2772 939 2871 subversis}
975 2769 1181 2862 columnis
1233 2770 1418 2860 victores
1468 2775 1610 2865 hostes

535 2889 718 2999 dejicit,
752 2892 796 2979 ἃ
816 2914 1013 3006 reparato
1040 2888 1269 2980 certamine
1298 2890 1344 2978 iu
1378 2893 1502 2979 finem
1520 2891 1607 2981 int·

537 3007 698 3096 tissime
725 3011 776 3096 de
795 3009 990 3099 omuibus
1012 3010 1269 3128 triumphat.

822 3332 882 3393 DE
911 3334 1051 3396 ΒΕΑΤΟ
1083 3333 1305 3393 STEPHANO

623 3481 857 3596 Stephanus
875 3462 1206 3622 Protomattyr,
1244 3511 1350 3570 uuus
1368 3508 1424 3568 ex
1440 3501 1602 3596 septem

535 3596 801 3690 Diacnnibus
817 3601 932 3704 fuit,
964 3605 1036 3720 qui
1060 3636 1138 3719 pro
1158 3603 1242 3695 suis
1260 3598 1603 3717 persecutoribus

534 3719 675 3807 oravit
702 3720 964 3855 dicens(1):
998 3726 1243 3826 Domtnemc
1256 3740 1416 3808 statuas
1430 3718 1511 3807 tilts
1528 3720 1603 3806 hoc

523 3861 767 3953 peccatum.
803 3839 883 3928 Hic
911 3841 1021 3930 vidit
1049 3845 1176 3935 caelus
1208 3844 1447 3975 apertos(n
1419 3837 1504 3953 9);
1537 3834 1599 3948 vig

531 3954 594 4041 dit
623 3958 907 4046 etinttoivit.
947 3962 1100 4051 Hacin
1133 3957 1299 4051 dissoli
1318 3954 1536 4056 Diaconi,
1553 3937 1603 4042 ut

530 4069 576 4157 in
612 4076 857 4189 quibusdam
884 4079 1084 4168 Ecclesiis
1119 4112 1208 4171 mos
1253 4101 1356 4178 est,
1386 4076 1601 4164 celebrant

533 4192 767 4297 Officium,
798 4224 844 4286 ut
860 4196 943 4311 ipst
930 4197 1148 4292 moribus
1166 4193 1241 4302 ,tit
1264 4196 1352 4288 vita
1368 4192 1506 4311 ipsunt
1525 4189 1605 4279 Le·

532 4309 664 4413 vitam
679 4316 836 4407 imitatu
823 4318 1076 4412 studeant.

565 4572 875 4668 mmmm
1066 4577 1382 4674 mmmm
