4284 6125
745 1060 750 1069 .

616 1364 624 1411 ,
797 1296 1288 1407 ,,ἐκιίιοΑτῐο.
1368 1384 1373 1413 ,4
1531 1318 1628 1418 303·

534 1446 699 1531 merum
739 1412 1005 1517 celebratur,
1035 1420 1083 1505 ad
1103 1415 1393 1533 postulandam
1421 1418 1622 1529 septifor-

533 1565 643 1625 mem
662 1534 848 1653 Spiritus
870 1534 1012 1626 Saricti
1033 1542 1238 1655 gratiam,
1269 1568 1350 1649 qua
1371 1534 1506 1620 nostri
1526 1570 1619 1646 sen·

536 1654 606 1746 sus
643 1655 930 1745 illuminantur
964 1723 975 1756 ,
1007 1657 1047 1747 ἃ
1080 1657 1247 1744 Sanctae
1278 1653 1502 1742 Trinitatis
1537 1659 1616 1743 fide

537 1772 877 1865 corroborantur
898 1840 909 1863 .
929 1770 1016 1879 ¹Sed
1034 1779 1133 1863 dum
1151 1780 1199 1863 ad
1218 1772 1332 1862 illurn
1352 1775 1491 1861 locum
1512 1806 1616 1862 ven-

535 1917 628 1981 tum
658 1919 753 1995 est,
786 1894 858 1983 ubi
886 1894 1075 1985 dicitur:
1107 1895 1395 1986 Descenderit
1414 1900 1618 2013 lruncple·

532 2012 755 2103 nitudinern
765 2012 1040 2129 fontisuirtus
1055 2015 1230 2131 Spiritus
1251 2010 1614 2115 Sancti,Sacerdos

535 2161 704 2221 cereum
731 2126 950 2223 ardentem
966 2132 1019 2235 jn
1038 2165 1186 2248 aquam
1211 2134 1370 2233 mittit,
1405 2131 1448 2222 dt
1483 2133 1613 2220 tertio

536 2251 583 2340 iu
602 2281 650 2338 ea
667 2250 826 2367 spirat.
860 2256 937 2340 Per
957 2252 1261 2342 immissionem
1283 2314 1296 2355 ,
1328 2252 1369 2342 δι
1393 2251 1615 2369 aspiratio·

541 2399 641 2456 nem
661 2369 899 2461 Sacerdotis
929 2373 1136 2489 accipitur
1155 2370 1284 2491 gratia
1301 2370 1484 2489 Spiritus
1512 2373 1613 2459 San·

537 2487 600 2575 cti
625 2552 634 2571 .
669 2492 796 2607 Quod
817 2490 1023 2581 Sacerdos
1043 2492 1087 2578 in
1114 2489 1230 2605 aquis
1250 2492 1617 2607 leniteranhelar,

536 2607 881 2725 significat,quod
896 2604 1226 2699 fides'diabolum
1250 2608 1402 2697 leuiter
1425 2610 1618 2723 expellit3

534 2727 602 2811 ibi
621 2757 721 2845 ergo
742 2732 908 2831 anhelat
928 2791 942 2831 ,
974 2755 1020 2818 ut
1055 2730 1265 2820 diabolum
1285 2729 1384 2816 inde
1403 2728 1616 2844 expellat.

542 2843 707 2934 Cereus
741 2848 785 2934 in
821 2849 940 2961 aquis
972 2848 1181 2965 ponitur,
1214 2849 1414 2965 quoniam
1449 2879 1470 2934 a
1504 2869 1618 2935 tactu

541 2962 752 3080 Corporis
773 2967 936 3054 Christi
956 2967 999 3053 in
1020 2966 1270 3085 Baptismate
1289 2998 1407 3084 aquae
1439 2967 1621 3055 sanctifi·

540 3107 690 3171 cantur
707 3085 780 3202 (ι)
799 3148 809 3169 .
841 3091 972 3208 Quod
991 3086 1185 3175 Chrisma
1200 3089 1246 3175 in
1259 3086 1384 3202 ¹aquis
1402 3086 1619 3187 funditur,

538 3200 726 3288 caelestia
755 3207 1058 3303 terrestribus,
1092 3206 1160 3290 vel
1194 3206 1371 3294 terrenis
1400 3205 1621 3323 perfidem

540 3318 808 3434 Baptismatis
842 3320 1190 3438 conjunguntur.
1225 3325 1355 3438 Quod
1381 3351 1520 3413 autem
1542 3322 1617 3409 Sa·

541 3439 695 3527 cerdos
713 3459 845 3527 mutat
862 3468 1013 3529 vocem
1032 3500 1046 3540 ,
1078 3437 1195 3557 quasi
1214 3445 1263 3530 ad
1281 3441 1502 3562 legendum
1522 3503 1537 3544 ,
1567 3441 1620 3530 si·

543 3750 570 3785 „
586 3721 637 3774 tro
669 3704 793 3789 clruro,
822 3724 854 3778 et
878 3709 958 3779 dicit
984 3729 1057 3778 cunr
1107 3753 1131 3790 „
1146 3721 1235 3776 ctum
1249 3721 1323 3787 est,
1339 3706 1476 3778 Litaniu
1488 3708 1620 3801 quine,

538 3849 566 3886 „
586 3804 655 3899 ipsu
685 3828 789 3878 statu
812 3829 957 3878 stsrsort
983 3829 994 3888 3
1025 3818 1058 3875 et
1106 3852 1131 3886 ‚,
1148 3805 1267 3886 idest,
1297 3803 1472 3899 quinquies
1500 3802 1620 3895 reperi-

538 3947 565 3981 „
586 3904 759 3998 respondet
811 3904 1057 3975 secundicerius
1107 3948 1132 3984 „
1151 3917 1189 3973 τα
1204 3947 1214 3969 .
1227 3947 1252 3981 ,,
1280 3899 1394 3980 Huius
1410 3896 1621 3973 litaniarum

537 4045 563 4080 „
580 4022 653 4070 cunr
665 4002 800 4072 sinistro
818 4003 921 4074 choro
953 4023 1056 4072 statu
1104 4014 1168 4096 per
1180 3997 1427 4092 septenarium,
1458 3996 1622 4093 ecquina-

539 4143 565 4177 ,‚
582 4121 726 4170 euersos
745 4122 848 4199 usque
866 4116 916 4171 ter
930 4148 939 4171 .
955 4099 1057 4167 Dein·
1107 4096 1222 4178 rium,
1251 4109 1285 4163 rt
1309 4094 1491 4166 ternarium
1507 4115 1621 4165 nume·

536 4241 564 4274 ,,
579 4198 617 4265 de
631 4219 780 4268 cuntsrr
795 4221 939 4270 ttsrsou
954 4215 1056 4292 usque
1107 4217 1180 4264 rum
1220 4191 1323 4264 Ritus
1353 4189 1505 4264 meminit
1532 4213 1619 4285 quo·

536 4336 564 4374 ‚s
582 4308 655 4362 ter.
684 4289 1055 4392 Hocfiuntseptcmui-
1105 4313 1171 4386 que
1194 4288 1388 4363 Amalarlus
1414 4289 1448 4360 in
1476 4290 1542 4361 fine
1567 4307 1619 4356 se·

538 4433 565 4467 22
582 4410 632 4456 ces
647 4395 800 4503 reperim
813 4395 897 4463 unde
912 4406 943 4463 et
955 4397 1055 4486 repre·
1103 4387 1220 4460 c‘undae
1231 4399 1235 4410 '
1247 4385 1454 4472 Prtmtionls
1487 4384 1529 4454 ad
1557 4378 1616 4449 li·

537 4481 564 4562 si
581 4506 626 4552 nae
653 4488 840 4561 ducuntur.
879 4489 961 4559 'Post
988 4487 1059 4556 hei
1102 4488 1202 4556 brum
1230 4485 1378 4578 primum
1401 4477 1618 4554 nesceleste-

540 4626 565 4659 η
581 4603 729 4656 curtrsrt
754 4583 925 4660 suessos
951 4589 1057 4678 usque'
1102 4583 1191 4652 tricis
1211 4579 1330 4672 Officiis
1361 4575 1616 4657 Collect.saepe

537 4723 564 4758 ,‚
580 4679 808 4770 septiesrersr'c
819 4700 880 4780 per
892 4682 1059 4753 ordinem·
1102 4678 1349 4771 cit-pug.1o4.
1571 4752 1580 4770 ‚

537 4823 563 4856 „
582 4781 651 4843 stoc
667 4780 779 4847 ordine
801 4775 979 4852 interuallo
993 4775 1051 4860 su}
1107 4772 1142 4867 '(
1168 4776 1289 4861 )Cod.
1307 4767 1464 4843 mendose
1493 4746 1617 4848 sigulfi

537 4922 563 4956 „
580 4887 630 4942 rto
658 4891 838 4972 sequuntur
853 4927 864 4960 ,
882 4892 919 4946 ut
929 4874 1050 4971 predi
1098 4887 1238 4945 cuntur.
