4284 6125
1644 1184 1650 1197 θ

610 1346 698 1436 442
844 1344 1110 1405 ntvtuonum
1139 1344 1424 1407 oenomaum

609 1461 860 1555 perpetuae,
891 1460 1069 1553 petere,
1101 1464 1143 1523 et
1169 1438 1361 1553 accipere
1397 1464 1671 1529 metuerunt.

610 1564 817 1645 Praeterea
849 1559 1064 1645 sciendum
1099 1580 1202 1657 est,
1234 1561 1347 1669 quod
1375 1558 1567 1647 Ecclesia
1601 1561 1674 1651 hoc

611 1702 802 1791 tempore
837 1678 959 1763 habet
994 1678 1194 1791 quosdam
1229 1676 1443 1761 solemnes
1480 1702 1673 1780 cantus,

611 1796 761 1908 quibus
786 1796 987 1883 continue
1017 1822 1093 1911 pet
1120 1796 1277 1927 aliquot
1295 1793 1386 1879 dies
1411 1822 1509 1883 ante
1527 1796 1674 1883 nativi·

610 1939 735 2001 tatem
768 1914 943 2016 utitur,
975 1936 1021 2000 ut
1049 1914 1133 2000 illae
1165 1910 1412 2027 antiphonae
1445 1972 1460 2014 ,
1502 1944 1673 2031 quatum

609 2034 743 2149 prima
773 2034 861 2121 haec
895 2053 960 2121 est
990 2033 1132 2151 01(1)
1165 2032 1369 2147 Sapientia
1400 2093 1415 2133 ‚
1444 2032 1489 2119 in
1521 2032 1672 2149 quibus

610 2150 777 2267 quidam
808 2151 975 2270 decepti
1013 2174 1182 2239 cantant
1212 2149 1471 2253 duodecim,
1499 2152 1569 2241 alii
1602 2180 1674 2241 no·

608 2301 738 2370 vem,
769 2300 862 2358 cum
893 2272 1156 2359 solummodo
1187 2268 1273 2355 sint
1275 2290 1497 2403 septem,
1528 2300 1674 2385 quaet

608 2387 736 2476 Beato
771 2388 982 2523 Gregorio
1019 2412 1116 2476 sunt
1151 2385 1436 2489 constitutae,
1470 2418 1566 2503 quoe
1599 2416 1673 2505 pet

612 2530 773 2641 septem
806 2506 896 2595 dies
918 2532 1013 2595 ante
1031 2506 1214 2642 vigiliam
1232 2502 1481 2593 Natiuitatis
1518 2508 1675 2595 debent

611 2624 805 2724 cantati,
835 2655 936 2740 quas
954 2624 988 2714 si
1007 2625 1100 2739 quis
1122 2624 1311 2711 voluerit
1332 2626 1383 2709 ab
1409 2622 1500 2709 aliis
1517 2623 1675 2713 discer-

606 2744 831 2845 nere,sciat
852 2744 949 2856 quia
977 2774 1273 2861 quaecumque
1266 2744 1423 2831 habent
1443 2741 1675 2843 Veni,sicut

606 2862 792 2949 dicitur.
830 2864 932 2953 Veni
948 2869 1004 2951 nd
1023 2865 1273 2952 liberandum
1300 2890 1402 2961 nos,
1419 2882 1462 2947 et
1487 2858 1672 2960 similia,

603 2981 710 3097 ipsae
743 3007 841 3069 sunt
874 2984 926 3070 de
957 2980 1037 3072 illis
1070 3038 1085 3080 ,
1125 3012 1224 3097 quas
1260 2980 1405 3070 Beatus
1438 2978 1672 3096 Gregorius

605 3101 878 3216 composuit:
911 3104 1000 3190 ltaec
1034 3106 1096 3189 e'st
1118 3133 1216 3191 veta
1237 3099 1345 3188 ratio
1364 3162 1378 3202 ,
1394 3129 1468 3187 cut
1497 3100 1573 3187 sub
1592 3101 1673 3186 ltoc

604 3249 782 3309 numero
806 3245 902 3309 sunt
921 3244 1202 3323 constitutae
1234 3241 1277 3307 et
1314 3217 1582 3336 designant
1570 3248 1674 3332 tpsae

603 3342 799 3456 gaudium
831 3340 1102 3455 antiquorum
1118 3345 1285 3427 Pactum
1307 3343 1534 3426 adventum
1553 3335 1673 3424 Chri-

603 3485 657 3544 sn
646 3458 1037 3559 desiderantium,
1069 3458 1152 3545 ὅτ
1140 3458 1465 3559 invocantium
1499 3455 1540 3543 ἃ
1576 3456 1671 3543 ideo

601 3605 680 3689 per
708 3578 817 3664 hunc
851 3606 1070 3663 numerum
1103 3578 1413 3694 designantur
1448 3577 1531 3666 Has
1565 3571 1672 3659 anti·

599 3691 763 3807 phonas
799 3717 938 3781 cantat
969 3696 1154 3783 Ecclesia
1190 3725 1263 3808 pet
1286 3719 1448 3812 septem
1476 3721 1671 3806 vesperas

601 3833 700 3894 ante
718 3810 1013 3913 Nativitatem,
1045 3813 1152 3902 sicut
1172 3819 1316 3901 Patres
1334 3812 1508 3901 Veteris
1527 3813 1667 3899 Testa·

597 3928 730 4012 menti
754 3959 829 4044 per
848 3958 1007 4066 septem
1034 3963 1170 4021 annos
1201 3956 1296 4019 ante
1331 3931 1545 4043 jubilaeum
1564 3931 1674 4015 clan-

596 4045 757 4182 gebant·
772 4048 915 4134 tubis
905 4078 947 4133 tn
968 4053 1316 4163 septimo-mense
1334 4049 1532 4159 cujusque
1551 4045 1674 4147 anni,

597 4163 713 4274 quasi
746 4165 979 4280 invespera
1010 4171 1136 4259 diei.
1172 4173 1293 4257 Sicut
1321 4193 1439 4281 post·
1435 4163 1675 4254 meridiem

595 4282 685 4364 sole
705 4311 905 4402 vergente
933 4292 980 4374 ad
1016 4319 1211 4379 occasum
1246 4287 1403 4373 dicitur
1436 4315 1674 4401 vesperum;

590 4393 652 4483 ita
681 4428 775 4514 post
807 4431 966 4519 septem
997 4439 1159 4500 menses
1198 4431 1443 4494 transeunte
1479 4429 1676 4517 tempore

593 4541 738 4630 potest
757 4521 840 4610 dici
865 4527 981 4638 quasi
1015 4529 1113 4614 anni
1140 4555 1409 4645 tesperum.
1395 4529 1521 4611 ,Est
1549 4522 1678 4612 etiam

614 4702 1009 4807 (1)DeAnttphon1s
1038 4729 1111 4799 qux
1162 4705 1275 4782 libro
1290 4729 1345 4776 cut
1337 4703 1484 4777 titulus
1500 4709 1541 4776 de
1559 4705 1680 4774 Ordine

611 4791 643 4864 in
661 4799 826 4894 principio
845 4807 966 4874 habent
987 4812 1025 4883 0,
1036 4803 1115 4874 vide
1169 4802 1412 4898 ΛητίρΙτοτιατίὶ
1427 4803 1606 4900 cap-1111
1623 4821 1681 4912 1³²⁴

607 4893 816 4976 Amalarium
830 4901 1090 4977 Fortunatam
1080 4924 1114 4973 m
1163 4902 1233 4997 giu.
1223 4907 1321 4996 ..276
1311 4922 1431 5000 ..seqq
