4284 6125
592 1246 684 1340 39²
836 1238 1108 1305 ntmuosmrr
1134 1214 1424 1307 oarrcrnauss

595 1358 751 1436 caute,
781 1333 888 1424 nihil
905 1336 1148 1425 inordinate
1166 1332 1330 1443 judicet
1347 1386 1368 1429 ς.
1402 1334 1511 1425 Haec
1527 1362 1689 1435 antem.

593 1462 648 1547 de
665 1455 881 1545 Rationali
899 1516 914 1559 ,
944 1476 990 1542 et
1015 1452 1362 1570 superhumerali
1381 1454 1568 1547 diximus
1583 1462 1677 1579 (r),

594 1598 897 1692 quatenusper
928 1575 1046 1674 hoc,
1079 1572 1196 1687 quod
1224 1572 1399 1661 Pallium
1431 1573 1676 1695 significet,

591 1691 851 1813 intelligatur
891 1756 902 1777 .
937 1692 1011 1781 Est
1044 1713 1186 1781 autem
1217 1691 1392 1779 Pallium
1415 1692 1487 1782 iu·
1505 1694 1678 1787 sinistra

594 1814 749 1931 duplex
780 1872 795 1915 ,
825 1808 926 1927 quia
957 1809 1158 1927 quamdiu
1189 1806 1236 1897 in
1272 1811 1349 1903 bac
1384 1809 1475 1923 sita
1506 1844 1679 1919 sumus,

594 1962 694 2048 quae
725 1958 800 2049 per
827 1929 1043 2019 sinistram
1074 1926 1383 2049 significatur,
1424 1929 1676 2047 duplicitate

596 2078 741 2141 carere
772 2078 860 2137 nou
892 2073 1141 2163 possumus.
1175 2044 1398 2163 Siquidem
1433 2078 1547 2139 nunc
1576 2080 1678 2167 pto·

595 2167 733 2285 speria
750 2167 1029 2268 extollimur,
1060 2196 1174 2254 nnnc
1202 2167 1394 2255 adversis
1417 2164 1673 2289 frangimur,

596 2318 710 2377 nunc
728 2310 899 2375 terrena
917 2284 1120 2421 petimus,
1139 2314 1253 2376 nunc
1267 2286 1510 2423 caelestibus
1534 2290 1672 2423 adbre-

596 2435 771 2505 remus‚
804 2434 915 2495 nunc
948 2432 1110 2506 carus,
1143 2432 1258 2495 nnnc
1291 2428 1666 2495 menusersrmus.

595 2526 646 2611 ln
663 2528 839 2615 dextera
855 2552 961 2612 veto
978 2522 1153 2611 Pallium
1168 2522 1323 2641 duplex
1342 2547 1545 2625 nonest,
1571 2523 1672 2640 quia

595 2641 645 2731 in
671 2646 799 2732 altera
830 2640 919 2731 vira
941 2641 1181 2758 duplicitas
1217 2642 1338 2733 nulla·
1360 2663 1428 2733 est
1455 2640 1531 2761 (s)
1559 2674 1575 2747 ς
1606 2642 1673 2733 ibi

598 2760 714 2849 enim
745 2759 1004 2878 prosperitas
1035 2761 1128 2850 siue
1155 2762 1408 2855 adversitate
1425 2820 1443 2865 ,
1460 2759 1671 2879 gaudium

598 2878 691 2969 sine
709 2879 915 2981 tristitia,
943 2877 1126 2970 felicitas
1143 2880 1236 2970 sine
1263 2878 1477 2971 miseria.¹
1491 2878 1565 2969 Illa
1587 2878 1670 2997 igi·

598 3023 668 3088 tur
691 2998 779 3087 vita
797 3018 914 3090 caret
929 2999 1178 3116 duplicitate
1193 3032 1214 3104 ,·
1238 3030 1328 3091 nnn
1360 3002 1517 3092 habens
1538 3027 1676 3088 maeu-

597 3119 715 3220 lam,
746 3148 884 3238 neque
917 3149 1062 3239 rugam
1092 3123 1200 3239 (3).
1238 3119 1305 3208 Fit
1330 3149 1470 3208 autem
1504 3119 1677 3206 Pallium

597 3268 651 3328 ex
670 3238 760 3329 lana
783 3301 798 3339 ,
829 3238 905 3326 vili
938 3240 1101 3331 scilicet
1118 3238 1320 3341 materia,
1349 3264 1399 3328 ut
1415 3242 1566 3328 habeat
1583 3266 1676 3353 pre·

597 3358 706 3445 tium
740 3387 828 3446 nos
855 3390 877 3447 a
906 3388 951 3446 se
981 3420 995 3462 ,
1026 3359 1099 3446 sed
1125 3360 1173 3446 in
1196 3388 1250 3447 eo
1277 3363 1394 3476 quod
1418 3357 1675 3479 significatur

594 3471 645 3564 in
677 3503 759 3574 se,
789 3500 838 3562 ut
862 3505 950 3562 non
971 3478 1141 3578 oculis,
1170 3481 1242 3564 sed
1274 3499 1419 3568 mente
1447 3475 1674 3591 spectabile

597 3590 684 3689 sit,
717 3617 763 3678 ut
793 3622 881 3679 non
900 3598 950 3681 ad
984 3600 1251 3698 ornandum,
1281 3600 1354 3686 sed
1372 3599 1423 3684 ad
1442 3594 1679 3711 aliquidsi·

596 3710 883 3828 gnificandum
901 3714 1020 3802 indui
1038 3714 1295 3833 intelligatur
1318 3780 1330 3803 .
1365 3715 1677 3814 Vittasautem,

597 3855 695 3942 quae
731 3832 774 3913 in
802 3831 930 3919 Pallio
968 3834 1124 3945 positae
1151 3862 1283 3934 ante,
1313 3859 1358 3923 et
1389 3860 1505 3923 retro
1526 3833 1678 3919 Ratio·

592 3949 721 4043 nale,
751 3977 793 4033 et
816 3950 1162 4065 superhumerale
1187 3959 1235 4043 ad
1256 3953 1457 4044 inferiora
1486 3953 1677 4051 trahunt,

586 4062 716 4173 huius
749 4068 852 4155 vitae
868 4100 1019 4169 curas,
1051 4098 1096 4161 et
1112 4073 1415 4162 sollicitudines
1433 4070 1673 4188 significare

591 4209 819 4298 putamus,
852 4190 1004 4301 quibus
1041 4215 1083 4275 et
1112 4221 1220 4293 cor,
1251 4219 1294 4277 et
1329 4191 1486 4280 humeri
1520 4188 1675 4275 Ponti·

592 4299 683 4387 ficis
702 4304 762 4391 sic
783 4308 1015 4420 saepissime
1035 4334 1287 4425 gravantur,
1306 4335 1352 4398 et
1367 4309 1677 4427 impediuntur,

516 4491 531 4509 .,
591 4441 677 4508 uta
703 4422 844 4536 primo
879 4453 989 4517 statu
1014 4459 1111 4517 eum
1144 4452 1371 4532 avertant,
1403 4457 1446 4517 et
1467 4426 1583 4517 varia
1600 4429 1677 4545 (4)

473 4693 476 4708 1
614 4602 670 4687 (tl
689 4601 791 4675 Editt.
806 4608 879 4680 citt.
897 4612 1060 4689 dicimus.
1179 4619 1232 4709 (4)
1251 4613 1302 4686 Ita
1319 4611 1414 4682 Cnd.
1430 4627 1467 4680 et
1484 4605 1672 4682 Edit.Ven.

608 4701 671 4788 (²)
689 4702 938 4778 Acunnnest.
1151 4732 1190 4782 ac
1219 4711 1330 4804 Lugd·
1360 4710 1453 4798 Aah.
1475 4705 1591 4778 autem
1624 4707 1677 4776 its

608 4799 668 4890 (3)
682 4799 852 4878 Acherius
875 4820 938 4879 aut
951 4828 1101 4904 rugant·
1147 4808 1254 4886 edam
1263 4810 1513 4910 numquam
1523 4827 1600 4884 turs
1609 4820 1678 4890 stro,
