4284 6125
814 1376 1267 1450 BXPLIGA'Hoo·
1409 1402 1414 1411 ·
1464 1381 1557 1476 5η

505 1565 533 1600 ,,
547 1518 751 1607 immortale,
764 1522 792 1597 si
804 1526 945 1623 ¹animale
960 1552 1008 1599 re·
1058 1576 1083 1611 „
1096 1522 1468 1599 immortalisbeneficio
1480 1548 1556 1598 con·

505 1661 532 1695 s,
548 1619 780 1692 novabimur?
807 1627 897 1719 Ergo
923 1649 1008 1697 ave·
1058 1674 1083 1707 ,‚
1098 1624 1247 1696 ditoris.
1270 1622 1419 1717 Mystice
1440 1640 1556 1695 autern

505 1757 534 1794 ss
549 1731 672 1824 tustute
709 1724 838 1811 peccati
883 1723 1005 1794 nonin
1057 1719 1366 1806 „formavitDeus
1384 1720 1557 1791 hominem

507 1855 534 1891 22
547 1811 723 1904 pristinum
751 1842 874 1914 corpus
888 1820 1008 1891 anima·
1057 1866 1082 1902 „
1097 1821 1139 1892 de
1154 1818 1237 1890 limo
1251 1835 1366 1888 terrae.
1380 1817 1560 1889 Formatus

506 1906 603 1991 ult,
630 1909 663 1982 in
677 1934 747 2007 quo
775 1916 842 1990 fuit
867 1920 1006 2000 Adam,
1059 1963 1084 1999 „
1101 1934 1151 1989 est
1176 1914 1335 1987 Christus
1364 1937 1406 1985 tx
1432 1915 1560 1988 semine

504 2009 606 2085 „sed
632 2006 804 2106 incorpus
831 2014 1005 2109 spiritale.
1060 2012 1244 2097 ,‚David‚
1274 2017 1456 2085 secundum
1486 2033 1559 2083 car·

505 2144 533 2182 υ
545 2103 637 2177 Cum
663 2106 828 2182 fuerimus
862 2113 1005 2206 aequaies
1057 2136 1172 2194 „nem
1190 2158 1201 2193 ,
1218 2128 1387 2205 tamquam
1416 2109 1556 2181 delimo

504 2242 532 2277 ω
546 2202 1007 2307 Angelis,reuouabisrurspi·
1056 2255 1082 2290 „
1098 2228 1195 2280 terrae
1219 2232 1230 2292 3
1260 2224 1292 2278 et
1317 2207 1496 2304 inspiravit
1516 2198 1557 2275 'iu

505 2337 533 2375 2,
546 2298 612 2368 ritu
626 2306 744 2374 mentis
756 2321 871 2379 nostru
883 2331 1004 2380 secun·
1057 2351 1083 2388 „
1091 2306 1212 2394 faciem
1245 2310 1313 2390 ejus
1351 2302 1557 2400 spiraculum

505 2397 627 2472 sudum
642 2395 821 2495 imaginem
839 2408 931 2488 eius,
945 2403 1003 2500 qui
1056 2448 1082 2484 2,
1093 2406 1170 2476 uita
1184 2451 1195 2484 ‚
1211 2404 1331 2496 ntique
1354 2398 1558 2474 infusionem

508 2534 534 2569 η
547 2495 675 2567 creavit
687 2520 772 2582 nos,
808 2526 907 2595 quam
924 2526 1005 2597 pec·
1058 2547 1083 2582 ‚‚
1097 2500 1243 2594 Spiritus
1257 2500 1379 2582 Sancti,
1393 2519 1467 2590 quae
1478 2519 1560 2589 ope·

506 2592 765 2687 „cardonum
782 2599 1008 2691 perdidit.Re·
1059 2642 1084 2679 ‚‚
1102 2616 1173 2668 rata
1199 2617 1248 2669 est
1266 2597 1436 2669 hominem
1455 2592 1562 2664 Chri·

505 2727 533 2764 „
546 2690 748 2766 novabirnnr
761 2697 861 2769 etiam
883 2718 1006 2777 carne,
1059 2713 1187 2776 „stum
1204 2703 1272 2764 ,Β
1280 2693 1389 2781 factus
1402 2708 1450 2767 est
1463 2692 1560 2762 hume

507 2827 534 2864 ss
550 2808 628 2859 cum
645 2792 858 2888 corruptibile
885 2794 946 2864 hec
957 2794 1008 2863 iu·
1058 2841 1084 2875 „
1097 2794 1132 2861 iu
1146 2793 1291 2865 animum
1303 2794 1494 2873 uiuentem
1509 2805 1559 2870 ut,

505 2923 532 2960 κ
547 2885 655 2956 duerit
713 2890 1008 2988 iucorruptibiiitae·
1057 2938 1084 2974 „
1097 2890 1176 2984 quia
1188 2891 1355 2983 perfectus
1370 2889 1559 2966 eratDeus,

506 3019 533 3056 ω
549 2994 626 3062 rem,
638 2999 678 3052 ut
689 2984 734 3056 sit
747 2987 923 3081 spirituale
937 3009 1009 3059 cor·
1060 3036 1086 3074 „
1098 2988 1268 3086 perfectus
1299 2990 1495 3060 crederetur
1524 2998 1561 3055 et

506 3117 532 3155 ,ι
553 3099 627 3169 pus,
641 3079 673 3149 in
687 3106 756 3176 quo
772 3102 934 3170 mutatur,
948 3087 1008 3158 sed
1059 3091 1204 3172 „homo
1222 3132 1232 3155 ·
1259 3086 1375 3158 Dixit
1390 3082 1570 3162 Dominus

504 3215 531 3253 s,
545 3180 721 3251 mutandus
734 3181 847 3254 fuerat
870 3186 981 3258 Adam
996 3230 1007 3265 ‚
1058 3235 1085 3272 ,‚
1098 3187 1137 3257 sd
1154 3186 1264 3256 Adam
1278 3211 1288 3253 z
1303 3193 1354 3254 Ex
1366 3184 1455 3253 omui
1467 3182 1561 3272 liguo

506 3313 532 3347 2,
546 3271 607 3342 nisi
617 3294 761 3350 mortem
771 3282 924 3374 corporis
935 3306 1009 3375 pec·
1058 3330 1084 3367 ,‚
1097 3281 1250 3353 Paradisi
1279 3281 1439 3358 comede,
1467 3279 1506 3346 de
1520 3273 1562 3343 ii·

506 3372 648 3447 „cando
668 3376 870 3450 meruisset.
894 3382 1005 3451 Adam
1058 3427 1085 3465 „
1094 3402 1161 3473 guo
1179 3392 1289 3449 auteur
1303 3376 1442 3446 scientie
1455 3371 1558 3452 boui,
1666 3459 1669 3464 Ι

504 3468 633 3544 „enim
650 3489 727 3544 ante
742 3494 944 3566 peccatum,
971 3493 1006 3548 et
1057 3527 1084 3564 ,‚
1098 3491 1130 3547 et
1156 3475 1238 3546 maii
1262 3496 1303 3544 ue
1328 3475 1502 3563 couredas,
1524 3470 1559 3539 iu

505 3568 692 3641 „mortale
737 3571 805 3645 dici
843 3590 1003 3668 poterat,
1059 3593 1302 3670 „quocumque
1327 3573 1411 3643 euim
1430 3572 1484 3639 die
1506 3588 1559 3638 co-

503 3704 528 3740 „
547 3663 626 3756 quia
638 3683 772 3759 poterat
786 3672 888 3754 mori,
901 3690 937 3745 et
949 3672 1007 3744 im·
1057 3720 1083 3758 ‚,
1097 3670 1261 3751 mederis,
1277 3683 1379 3741 morte
1393 3666 1558 3739 morieris.

503 3802 529 3838 ‚2
543 3763 922 3863 mortale‚quiapoterat
938 3792 1005 3840 non
1057 3771 1153 3856 „De
1180 3765 1274 3839 omni
1297 3763 1390 3860 ligno
1408 3758 1559 3856 Paradisi

503 3899 528 3935 η
543 3858 750 3936 moriAliud
764 3885 814 3939 est
830 3866 918 3939 enim
933 3890 1007 3961 pos-
1059 3916 1085 3954 ,‚
1101 3864 1159 3938 iile
1176 3862 1325 3936 comedit
1338 3910 1350 3946 ‚
1365 3863 1423 3958 qui
1444 3882 1559 3932 exem·

500 3997 529 4033 2,
542 3980 576 4027 se
590 3957 677 4030 mori
691 4010 703 4043 ,
719 3958 812 4036 aliud
828 3985 924 4058 posse
938 3986 1004 4035 non
1057 4011 1083 4050 „
1098 3961 1154 4056 pla
1166 3964 1332 4033 bonorum
1348 3982 1491 4054 operum
1508 3980 1559 4028 ca·

501 4097 527 4133 2,
544 4057 629 4128 mori
646 4105 657 4127 .
685 4060 874 4135 Secundum
902 4084 1003 4155 quem
1056 4061 1147 4152 „pit
1164 4110 1174 4133 .
1192 4058 1337 4153 Lignum
1350 4079 1435 4129 uero
1446 4055 1556 4128 scien·

500 4196 526 4230 ω
542 4156 680 4227 modum
724 4158 855 4250 primus
896 4162 1002 4232 horno
1054 4156 1269 4251 ,‚tiaeboni‚
1289 4175 1324 4228 et
1350 4152 1556 4227 malicome-

500 4272 673 4328 „creatus
693 4271 743 4326 est
769 4254 970 4329 immortalis
990 4306 1002 4338 ,
1052 4304 1079 4340 ,‚
1093 4256 1168 4339 dit,
1185 4254 1243 4351 qui
1262 4277 1323 4348 per
1336 4249 1555 4325 deliberatio·

502 4390 528 4424 η
548 4350 625 4439 quia
638 4348 668 4420 ei
684 4356 864 4444 parabatur
890 4357 935 4425 de
957 4354 1002 4426 li·
1052 4401 1077 4436 ‚,
1093 4378 1194 4437 nem,
1226 4370 1259 4423 tt
1284 4350 1456 4422 scientiam
1475 4367 1555 4436 pec-

501 4486 527 4522 2‘
544 4465 609 4535 8¹¹0
623 4446 745 4529 vitae‚a
762 4475 832 4546 quo
850 4451 943 4545 ligno
955 4451 1002 4523 vi·
1051 4499 1078 4534 „
1091 4467 1154 4522 cat.
1170 4456 1389 4542 Quacumque
1401 4444 1486 4512 euim
1499 4441 1552 4511 die

503 4556 582 4617 »α
609 4565 781 4635 separatus
805 4568 857 4621 est
884 4595 897 4630 ‚
922 4570 1000 4620 cuns
1052 4593 1078 4629 ,‚
1094 4548 1295 4626 comederis,
1312 4556 1416 4614 morte
1433 4541 1552 4610 morie·

503 4679 528 4714 2,
542 4658 735 4726 immet,
753 4661 792 4715 nt
805 4661 917 4738 posset
930 4668 1002 4715 rno-
1053 4691 1078 4726 „
1092 4647 1162 4727 ris,
1177 4661 1287 4715 morte
1302 4637 1460 4711 videlicet
1479 4637 1552 4707 ani-

501 4776 529 4811 „
547 4733 587 4802 ri·
603 4735 757 4811 Mortalis
775 4763 858 4835 ergo
885 4741 1001 4811 condi·
1051 4788 1077 4825 ,‚
1095 4764 1178 4813 rnae.
1199 4741 1296 4811 Sicut
1322 4736 1408 4807 enirn
1425 4754 1549 4826 corpus

502 4873 528 4917 ,,
544 4829 634 4900 tione
647 4839 800 4930 corporis
825 4836 1000 4921 animalis,
1051 4838 1177 4922 „vivit
1206 4862 1248 4908 ex
1272 4834 1402 4917 anima,
1417 4831 1463 4904 ita
1479 4828 1549 4902 ani·
