4284 6125
822 1357 1279 1423 exter-cmo.
1358 1382 1364 1398 ·
1470 1362 1600 1451 ‘299

958 1509 993 1601 C
1016 1513 1049 1599 L
1066 1514 1103 1600 X
1121 1516 1181 1596 11.

785 1658 844 1719 ue
876 1661 1061 1723 stenaro
1094 1657 1261 1718 snucro
1288 1631 1363 1748 (1)

656 1810 703 1894 In
725 1809 909 1898 Sabbato
937 1812 1095 1898 Sancto
1131 1840 1266 1896 novus
1296 1804 1405 1922 ignis
1427 1837 1478 1895 ex
1497 1831 1618 1922 petra

533 1957 736 2018 excussus
764 1930 1060 2018 benedicitur.
1094 1928 1265 2016 Deinde
1284 1958 1305 2014 a
1323 1927 1519 2017 Diacono
1552 1955 1620 2012 ce·

534 2078 634 2135 reus
656 2048 925 2138 benedicitur
945 2110 959 2150 ,
991 2079 1080 2134 non
1097 2079 1119 2132 a
1138 2048 1368 2136 Sacerdote
1388 2107 1401 2145 ‚
1433 2050 1501 2133 vel
1517 2046 1622 2159 Epi·

534 2196 706 2282 scopo,
737 2168 901 2256 eti-anisi
938 2190 1170 2284 praes-entes
1200 2166 1285 2254 sint
1319 2231 1332 2269 ,
1365 2166 1463 2280 quia
1491 2165 1618 2250 Chri·

537 2312 627 2374 stus
647 2316 865 2404 resurgens
878 2318 944 2387 ‚se
963 2287 1101 2402 primo
1119 2285 1364 2372 mulieribus
1385 2283 1619 2371 manifesta·

534 2406 631 2507 vit3
647 2427 691 2488 et
708 2434 782 2520 per
802 2436 869 2493 eas
889 2438 1016 2523 ,quae
1035 2429 1130 2492 sunt
1146 2405 1365 2492 debilioris
1384 2434 1509 2491 sexus
1526 2403 1618 2522 (2),

537 2522 715 2645 gloriam
754 2556 841 2614 suae
891 2523 1482 2637 resurrectionisdiscipulis
1531 2527 1617 2610 suis

537 2642 786 2730 nuntiavit.
821 2646 951 2762 Quod
985 2646 1083 2733 ideo
1118 2641 1330 2729 Dominus
1355 2641 1490 2744 fecit,
1522 2643 1620 2754 quia

537 2762 647 2851 sicot
666 2764 813 2854 mortis
832 2765 1010 2852 nuntius
1028 2760 1334 2879 perrnulierem
1351 2761 1396 2851 in
1416 2767 1618 2849 mundum

535 2881 717 2968 intravit
738 2943 750 2983 ,
770 2885 827 2970 ita
848 2884 1074 2998 oportuit,
1095 2885 1162 2970 vel
1184 2881 1348 2982 voluit,
1368 2884 1480 2995 quod
1512 2912 1619 2966 nun·

535 3002 623 3119 tius
650 3001 927 3115 reparationis
947 3027 1106 3092 nostrae
1125 3029 1199 3117 pet
1219 3001 1434 3088 mulierem
1462 3003 1618 3087 mundo

540 3119 804 3209 nuntiaretur
827 3186 836 3207 .
871 3123 959 3208 Ubi
978 3122 1091 3209 enirn
1109 3123 1261 3209 dicitur
1281 3154 1292 3208 e
1310 3120 1473 3237 Suscipe
1486 3124 1618 3221 ,idom

539 3261 604 3327 cte
615 3242 749 3340 Pater,
768 3242 919 3328 incensi
934 3241 1056 3355 nujus
1073 3242 1313 3353 sacrificium
1327 3263 1551 3357 ,ponantur
1573 3238 1618 3324 in

542 3385 670 3443 cereo
693 3389 816 3473 grana
849 3360 1011 3446 incensi
1031 3362 1074 3445 in
1094 3366 1261 3446 modurn
1281 3358 1461 3447 Crucis.
1496 3359 1621 3453 Crurt¹

543 3495 724 3587 namque
741 3479 792 3564 de
814 3475 989 3565 incenso
1007 3478 1112 3567 facta
1129 3481 1172 3565 in
1194 3498 1319 3582 cereo
1340 3504 1617 3595 repraesentat

544 3596 835 3708 vespertinum
854 3597 1114 3686 Sacrificium
1135 3599 1288 3715 Legis,
1321 3601 1434 3714 quod
1471 3597 1621 3684 inrrno·

545 3715 746 3802 lationem
766 3716 926 3805 Christi
962 3718 1006 3803 in
1042 3748 1111 3805 ara
1129 3718 1282 3806 Crucis
1309 3718 1457 3807 factam
1483 3716 1527 3801 in
1549 3748 1622 3801 ve·

545 3862 670 3951 spere
704 3835 848 3922 rnuudi
882 3837 1203 3957 praefiguravit3
1236 3838 1278 3925 dt
1310 3840 1424 3953 quod
1460 3834 1505 3921 iu
1530 3835 1620 3949 ejus

584 4050 639 4134 (t)
658 4042 791 4116 Confer
828 4046 863 4116 S.
888 4045 1059 4118 Isidorum
1109 4093 1134 4128 ‚‚
1148 4045 1323 4124 Sacerdos,
1338 4042 1394 4115 rei
1413 4031 1623 4136 Episcopus,-

546 4137 646 4215 iibt·
662 4144 704 4214 de
720 4140 849 4214 Eccles.
878 4143 949 4214 Off.
985 4163 1058 4235 cap.
1112 4189 1136 4225 „
1150 4140 1229 4234 quia
1243 4141 1376 4212 Christi
1393 4141 1617 4213 resurrectio

548 4261 630 4309 xxx.
669 4238 708 4310 de
748 4238 888 4326 Sabbato
931 4240 1064 4312 Pascha
1113 4237 1411 4331 „nispraeconiun
1433 4237 1619 4332 permino-

546 4356 628 4426 pag.
651 4357 757 4421 590.‚
787 4337 971 4409 Alcuinunt
999 4342 1064 4408 hoc
1113 4385 1138 4419 „
1154 4358 1224 4408 rem
1239 4355 1356 4416 sexum
1373 4336 1623 4430 fuintposrotts

548 4430 656 4499 titulo
691 4433 842 4505 Collect.
885 4458 973 4525 saepe
1003 4430 1064 4505 eit.
1116 4432 1410 4518 „manifestatum
1441 4432 1626 4528 ,scilicet

549 4534 693 4620 pigot.
709 4554 803 4625 seqq.
818 4582 829 4613 ,
847 4550 882 4602 et
895 4531 1005 4604 alios.
1116 4578 1143 4615 „
1156 4529 1317 4603 tnuiier'e's
1339 4577 1350 4611 ,
1374 4555 1438 4602 non
1455 4549 1517 4625 per
1531 4536 1627 4615 Aoo·

603 4632 658 4710 (2)
686 4629 877 4721 sychardus
923 4627 1067 4700 Mitralis
1114 4625 1625 4711 „notosmutieribus.‚‚c0n··

551 4718 678 4791 iib.vr.
694 4749 853 4817 crpntrv.
875 4726 908 4795 in
926 4724 1066 4796 sabbato
1118 4727 1172 4797 fer
1190 4723 1398 4795 Durandum
1433 4705 1629 4794 Ritionalis

552 4826 701 4886 Sancto:
729 4868 752 4901 ‚‚
777 4823 926 4894 Cereutn
954 4873 965 4905 ‚
995 4826 1069 4903 ait,
1120 4822 1461 4915 lib·v1·cap.txxx.

554 4962 579 5000 ,,
595 4915 773 4993 Diaconos
792 4921 985 5005 benedicit,
1002 4943 1070 4997 ooo
1468 4949 1476 4964 ¹
