4284 6125
609 1314 880 1381 utvmottunt
904 1315 1191 1381 otstctottunt

445 1417 544 1504 dum
578 1413 773 1531 spongiae
807 1439 935 1516 esse,
977 1435 1322 1541 conceptumque
1359 1408 1438 1534 (t)

440 1561 548 1623 ntum
568 1535 740 1672 rotari3
766 1532 852 1621 δι
842 1560 903 1619 tre
938 1560 1015 1648 per
1049 1560 1284 1639 cavernas3
1316 1563 1436 1623 cums

440 1686 458 1742 e
477 1676 638 1742 tantum
662 1654 796 1753 ierit,
825 1675 1029 1766 quantum
1046 1675 1159 1743 tetra
1176 1680 1328 1770 capere
1346 1684 1435 1742 non

440 1771 537 1874 ssit,
569 1775 685 1876 huc,
715 1796 842 1910 atque
874 1769 972 1861 illuc
1007 1797 1159 1862 ventus
1188 1772 1438 1875 fremitum,

465 1923 677 1981 murmura
726 1892 921 1981 mittit.
971 1890 1144 1981 Dehinc
1194 1917 1438 2008 quaerentes

444 2046 482 2102 ru
499 2017 574 2133 (2)
593 2012 837 2114 evadendi,
873 2013 973 2099 dum
1004 2015 1216 2105 sustinere
1234 2043 1337 2108 ¹earn
1357 2038 1439 2102 tet·

452 2164 539 2222 non
573 2132 744 2251 possit,
792 2151 864 2219 aut
890 2135 1078 2233 tremit,
1113 2157 1183 2221 aut
1218 2133 1442 2233 dehiscit,

440 2279 615 2344 ventum
632 2275 825 2372 generet3
844 2254 948 2339 Inde
966 2253 1083 2366 ajunt
1106 2252 1196 2342 fieri
1218 2276 1438 2342 terraemo-

440 2406 495 2475 n,
523 2377 622 2460 dum
641 2372 880 2460 universam
902 2393 1056 2463 tertam
1074 2399 1232 2462 ventus
1250 2373 1437 2465 inclusus

440 2490 600 2585 scutit.
636 2494 957 2580 Terraemorum
982 2520 1122 2583 antem
1153 2495 1250 2583 ittuc
1269 2494 1436 2583 assidue

440 2613 468 2701 ti
501 2673 516 2714 ‚
548 2609 622 2701 ubi
657 2642 760 2701 cava
797 2635 1008 2702 terrarum
1034 2618 1129 2702 sunt
1154 2672 1170 2715 ,
1198 2613 1246 2700 in
1278 2614 1436 2728 quibus

440 2732 494 2820 nti
512 2730 810 2849 ingrediuntur
828 2794 843 2835 ,
873 2756 918 2821 et
936 2756 1229 2823 terraemotum
1246 2728 1403 2820 faciunt
1421 2793 1434 2815 .

441 2883 485 2941 ‚tn
517 2852 593 2937 ubi
618 2880 845 2942 arenosum
861 2878 960 2957 est,
993 2878 1037 2939 et
1070 2852 1204 2939 solida
1220 2880 1284 2938 est
1303 2878 1436 2951 terra,

440 2970 541 3059 nibi
564 2971 608 3058 fit
628 2994 928 3061 terraemotus.
966 2971 1102 3085 Hujus
1137 2993 1279 3059 autem
1311 2980 1441 3056 terrae

440 3091 610 3181 nrnotio
645 3092 836 3209 pertinet
881 3094 931 3181 ad
964 3092 1203 3204 judicium
1237 3090 1442 3207 quoniam

440 3237 620 3324 :catures
650 3275 665 3314 ,
696 3215 742 3304 ἃ
778 3213 940 3302 terreni
960 3215 1156 3305 homines
1175 3210 1332 3328 spiritu
1353 3209 1440 3298 oris

446 3333 458 3418 i
493 3332 691 3423 concussi
726 3340 1146 3432 commovebuntur.
1179 3336 1285 3422 Item
1315 3356 1442 3417 terrae

440 3453 610 3545 amotio
629 3455 855 3546 hominum
871 3484 1143 3548 terrenorum
1161 3477 1226 3543 est
1246 3456 1295 3544 ad
1317 3453 1444 3538 fidem

440 3742 596 3816 erraque
622 3721 844 3799 dehiscente
834 3745 885 3792 tn·
934 3772 959 3807 „
976 3747 1056 3804 res,
1081 3739 1116 3793 et
1142 3739 1267 3790 terrent
1259 3713 1443 3786 homines
1508 3779 1511 3783 .

440 3817 528 3893 ulitis
568 3838 782 3898 tremuerunt
816 3842 886 3892 rno-
934 3810 1442 3912 „SpirituorisDeiconcussi

447 3921 509 3990 bus
536 3920 653 4015 alpes
692 3924 884 3995 Terraenro·
932 3965 958 4000 ,‚
978 3914 1318 3990 commovebuntur.
1349 3913 1439 3983 Item

440 4035 618 4090 rmautem
638 4015 722 4090 illuc
748 4015 883 4087 assidue
931 4061 958 4096 ,‚
974 4029 1074 4083 terrae
1121 4010 1292 4083 ommotio
1324 4008 1441 4081 homi-

440 4115 517 4195 eri,
536 4114 595 4185 ubi
615 4136 699 4184 cava
711 4130 883 4183 terrarum
931 4133 1060 4194 „num
1084 4005 1303 4202 {frenorum
1321 4126 1371 4180 est
1399 4110 1442 4181 ad

440 4226 521 4287 unt,
536 4209 706 4300 inquibus
722 4206 817 4280 venti
835 4206 884 4277 in·
930 4256 959 4292 ‚,
975 4208 1080 4280 fidem
1102 4199 1310 4284 Conversio.
1340 4206 1441 4278 Unde

442 4302 626 4375 rediuntur
651 4353 662 4387 ‚
691 4323 726 4379 et
754 4303 884 4378 faciunt
933 4354 958 4390 ,‚
974 4303 1141 4398 scripturn
1157 4324 1231 4379 ests
1252 4310 1356 4378 Pedes
1370 4307 1442 4390 eins

440 4417 681 4475 straentoturn.
707 4403 797 4476 Nam
821 4399 883 4475 ubi
931 4418 1134 4491 „steterunt
1162 4456 1173 4489 ‚
1206 4421 1237 4475 et
1266 4422 1355 4478 mota
1388 4418 1436 4476 est

440 4515 597 4570 cenosam
613 4517 688 4585 est,
703 4519 762 4573 aut
774 4500 884 4575 solida
932 4554 957 4589 „
971 4519 1061 4576 terra
1076 4555 1087 4590 ‚
1103 4506 1224 4602 utique
1238 4509 1280 4578 ad
1294 4505 1442 4579 creden·

440 4604 472 4658 st
489 4604 605 4681 terra,
622 4624 688 4672 non
702 4600 750 4673 ibi
764 4602 802 4676 fit
815 4619 884 4673 tet·
932 4653 957 4688 ,‚
974 4606 1083 4678 dunt.

440 4704 610 4770 aemotus.
637 4701 884 4774 Terraeautem
958 4712 1011 4796 (1)
1033 4705 1128 4777 Cod.
1151 4705 1311 4775 mendose
1331 4721 1443 4773 conce

440 4785 532 4860 sotio
561 4799 713 4892 pertinet
739 4801 781 4873 ad
795 4798 888 4885 iudi·
932 4817 1029 4905 ptam
1046 4826 1111 4899 qus
1125 4818 1226 4875 vento
1244 4802 1374 4878 rotari.

440 4899 542 4979 lum,
562 4902 699 4997 quando
726 4917 889 5000 peccato·
962 4909 1017 5002 (ι)
1033 4901 1127 4977 Cod.
1143 4904 1243 4978 vim
