4284 6125
612 1266 702 1380 482
846 1282 1112 1348 nrvrrsnnusr
1141 1282 1436 1345 ossrorottuns

614 1392 670 1469 do
690 1377 934 1468 redeamus.
973 1383 1051 1465 Per
1071 1378 1191 1465 aliurn
1210 1404 1313 1495 ergo
1346 1376 1469 1465 sium
1488 1366 1689 1509 adregio·

612 1531 708 1586 nem
726 1520 909 1584 nostram
929 1497 1223 1615 regredimur,
1252 1492 1468 1613 quonism
1488 1518 1571 1607 qut
1557 1488 1688 1580 aPa·

612 1615 736 1704 radisi
765 1616 916 1731 gaudio
951 1646 1026 1735 per
1055 1614 1356 1703 delectamenta
1381 1610 1689 1711 discessimus,

613 1738 663 1823 ad
692 1736 770 1825 hoc
795 1761 872 1852 per
892 1739 1068 1827 inurente
1085 1760 1370 1825 revocamur.

967 1968 1308 2103 cflcnxvrr.

850 2176 911 2237 urs
941 2166 1192 2241 sententiaa
1223 2174 1443 2237 russanen

751 2328 799 2411 ln
828 2328 902 2416 hac
938 2324 1007 2413 die
1032 2325 1338 2415 invitatorium
1361 2324 1465 2413 ideo
1496 2344 1686 2425 tacetur,

618 2444 717 2560 quia
734 2446 895 2533 Gentes
911 2472 997 2537 non
1017 2475 1093 2563 pet
1116 2449 1381 2579 Prophetas,
1404 2472 1498 2533 non
1518 2472 1601 2561 per
1618 2444 1687 2533 Le·

615 2594 749 2681 gem,
781 2566 889 2653 sicut
919 2565 1054 2678 Judaei
1086 2624 1103 2667 ,
1139 2569 1211 2655 sed
1242 2564 1386 2656 subito
1425 2592 1553 2655 norro
1584 2560 1689 2701 side·

614 2712 665 2767 re
683 2686 727 2798 (
734 2683 757 2798 )
775 2709 873 2772 orto
892 2684 1165 2797 commonitus
1180 2683 1366 2801 Magos.
1392 2681 1517 2795 quasi
1541 2679 1690 2799 primi!

615 2800 703 2885 tius.
712 2800 889 2888 Christo
907 2786 1185 2893 obtulerunt.
1218 2804 1345 2891 Untie
1337 2826 1465 2939 ‘post
1479 2802 1684 2897 Dornr'rres

613 2920 723 3007 lobio
742 2950 828 3005 men
848 2920 1033 3035 operies,
1065 2924 1207 3011 subito
1235 2920 1350 3037 quari
1367 2918 1609 3035 improviso
1625 2914 1684 3004 di·

616 3036 728 3124 citnr
758 3037 913 3154 Afferes
940 3041 1157 3131 Domino.
1190 3040 1358 3130 Dicitur
1392 3065 1530 3126 tamen
1572 3036 1682 3126 inter

614 3157 721 3243 alios
747 3160 953 3293 psaiutos
943 3188 987 3245 ιιι
1009 3185 1135 3247 sexto
1154 3163 1249 3250 ioco
1276 3161 1439 3256 Venite,
1454 3161 1682 3246 exultemus

616 3276 858 3377 Domino(
849 3306 892 3364 ιιι
910 3307 995 3393 quo
1020 3280 1308 3397 significatur,
1342 3280 1487 3395 quod
1477 3310 1510 3364 rs
1529 3336 1546 3377 ,
1563 3303 1685 3390 quem

616 3392 737 3509 Magi
764 3424 811 3481 ea
840 3398 909 3482 die
927 3400 1099 3487 adorare
1117 3424 1352 3500 venerunt,
1367 3400 1411 3486 in
1431 3419 1547 3488 sexta
1563 3417 1685 3484 aetate

619 3511 737 3621 quasi
763 3512 806 3595 in
828 3519 1188 3605 consummatione
1221 3511 1365 3604 mundi
1382 3517 1596 3604 Gentibus
1613 3511 1685 3600 mi·

622 3626 925 3716 sericorditer
914 3658 1184 3726 innotescere
1213 3638 1379 3725 voluit.
1414 3641 1564 3724 Postea
1591 3659 1685 3746 qua·

618 3743 654 3832 si
685 3745 835 3833 ordine
876 3760 1176 3871 retrogrado
1223 3754 1407 3870 septimo
1452 3754 1550 3841 loco
1585 3747 1686 3838 dicie

616 3864 815 3982 tur(2):
848 3870 960 3957 Dens
991 3895 1171 3961 nostrum
1195 3875 1428 4008 refugium3
1460 3870 1597 3986 quiin
1620 3895 1683 3955 se-

618 3979 684 4067 rie
702 3985 956 4095 psalmorum
977 3992 1099 4110 longe
1117 4019 1211 4080 ante
1238 3992 1475 4127 praecedit
1507 3993 1581 4077 Per
1601 3988 1684 4073 hoc

622 4097 736 4184 enirn
770 4104 1004 4207 docemur,
1041 4134 1087 4198 nt
1108 4116 1158 4197 ab
1186 4141 1328 4200 amore
1354 4109 1437 4199 Dei
1472 4105 1588 4226 qnasi
1622 4131 1689 4191 re·

619 4223 832 4306 troenudo
865 4250 1162 4317 convertamur
1181 4234 1229 4317 ad
1254 4229 1527 4319 dilectionem
1546 4222 1692 4344 proxi·

619 4338 708 4421 mi
745 4341 1014 4458 Evangeiinm
1033 4350 1146 4434 enim
1172 4349 1283 4437 inter
1301 4348 1569 4435 Lectiones
1558 4376 1605 4434 tn
1628 4373 1694 4432 se

619 4452 757 4566 ptimo
776 4460 872 4547 ioco
890 4463 1079 4551 dicitur³
1050 4496 1174 4570 ‚rnen
1187 4497 1363 4583 namque
1380 4467 1538 4553 dicitur
1554 4469 1611 4552 de
1630 4494 1696 4554 se·

618 4569 708 4685 ptif
704 4579 810 4665 ormi
827 4583 957 4698 gratia
974 4584 1158 4700 Spiritus
1175 4585 1318 4678 Sancti
1339 4648 1353 4689 ,
1375 4585 1534 4704 quaein
1552 4585 1698 4680 Evan-

480 4919 572 5010 Ἴ
646 4827 808 4919 (t)Cod.
821 4829 925 4920 fidei.
975 4842 1029 4930 (2)
1045 4789 1134 4915 Psai.
1147 4867 1227 4920 xus·
1243 4843 1350 4942 Vuig·
1359 4856 1451 4924 Deus
1462 4858 1593 4938 ¹noster.
