4284 6125
532 1422 547 1433 ..
569 1348 659 1435 104
812 1342 1084 1409 mvmouum
1112 1335 1394 1404 oee1c1oieum

565 1440 979 1555 Baptizabatenim,
1012 1431 1110 1546 quia
1128 1438 1220 1545 ipse
1254 1428 1482 1517 mundabat
1504 1460 1518 1532 ;
1551 1462 1641 1523 non

567 1558 836 1669 baptizabat,
868 1554 966 1666 quia
983 1577 1070 1633 non
1087 1549 1180 1662 ipse
1201 1578 1306 1663 aqua
1322 1549 1396 1667 (1)
1412 1548 1603 1665 tingebat
1622 1618 1633 1640 .

565 1676 819 1765 Praebebam
850 1664 1047 1781 discipuli
1081 1666 1369 1756 ministerium
1401 1670 1634 1783 corporis,

563 1788 785 1909 praebebat
800 1790 870 1879 ille
887 1782 1149 1898 adjutorium
1174 1784 1428 1904 majestatis.
1449 1790 1636 1908 Quando

594 2068 648 2158 (1)
668 2072 788 2143 Fusius
813 2068 847 2139 S.
859 2062 1072 2158 Augustinus
1121 2117 1147 2155 „
1166 2067 1367 2144 inferiorem
1409 2064 1638 2139 ministrume

569 2167 723 2262 Exposit.
742 2169 774 2237 in
790 2165 918 2255 Evang.
934 2160 1072 2247 loannis
1121 2216 1147 2253 ,‚
1165 2169 1267 2242 habet
1291 2163 1383 2238 enim
1413 2163 1631 2257 superiorem

569 2264 1070 2359 cap.1.Tract.xv.num·3·seu·
1120 2315 1145 2349 2,
1162 2265 1381 2359 magistrum.
1396 2262 1462 2333 Sed
1475 2263 1566 2335 forte
1580 2258 1633 2332 ait

570 2360 729 2434 'som-cit·
756 2358 910 2454 c01·408·
925 2409 949 2443 >a
973 2356 1071 2459 Quid
1121 2414 1145 2447 2,
1160 2363 1305 2461 aliquis:
1319 2359 1470 2456 baptizat
1487 2358 1631 2455 quidem

567 2507 594 2545 „
607 2464 731 2551 ergo?
769 2456 903 2528 Falsum
937 2458 1069 2529 dictum
1120 2461 1323 2545 „Christus
1351 2457 1544 2555 inspiritu,
1562 2478 1631 2528 non

567 2606 593 2644 „
607 2572 678 2629 erat
693 2604 704 2636 ,
728 2572 764 2627 et
788 2573 981 2628 correctum
996 2570 1069 2636 est,
1121 2610 1146 2645 ‚,
1161 2562 1196 2635 in
1211 2581 1361 2653 corpore
1376 2585 1386 2623 ι
1415 2556 1526 2654 Qasi
1543 2577 1629 2628 vero

566 2705 593 2741 ‚,
608 2676 684 2727 cum
699 2651 851 2725 additum
866 2673 927 2726 este
943 2660 1074 2744 Qum·
1123 2708 1149 2743 ,‚
1166 2658 1306 2733 alterius
1332 2658 1446 2737 dono,
1467 2678 1571 2748 quam
1590 2650 1634 2725 il-

565 2802 591 2839 „
605 2774 705 2920 ΖΜ
722 2759 813 2825 Iesus
838 2775 902 2825 uon
917 2751 1074 2850 baptiza·
1123 2808 1148 2843 „
1163 2760 1256 2841 lius,
1272 2754 1452 2850 quisquam
1469 2751 1571 2823 etiam
1587 2774 1632 2821 sa·

564 2898 591 2935 „
627 2864 688 2932 at,
716 2852 773 2920 sed
804 2851 957 2949 discipuli
978 2853 1075 2937 eius?
1124 2906 1150 2942 „
1168 2870 1344 2930 eramento
1360 2848 1573 2944 corporalis,
1595 2866 1628 2921 ee
1681 2844 1684 2849 ’

563 2996 590 3034 ,,
607 2951 662 3020 An
674 2965 859 3042 utrumque
874 2974 994 3022 verum
1011 2963 1074 3029 est,
1124 2949 1310 3041 „visibilis
1326 2947 1544 3042 baptismatis
1568 2944 1629 3017 im-

562 3096 591 3134 „
608 3045 688 3143 quia
701 3065 735 3118 et
750 3046 846 3132 Jesus
864 3048 1070 3143 baptizabat,
1121 3104 1145 3139 ‚,
1159 3057 1308 3127 buatur.
1338 3048 1399 3120 Vis
1414 3071 1536 3129 nosse,
1551 3041 1630 3139 quia

563 3197 591 3231 ‚,
607 3164 641 3217 et
659 3170 725 3217 non
744 3147 964 3240 baptizabat?
982 3150 1071 3242 Bap:
1121 3154 1234 3246 „ipse
1253 3146 1404 3240 baptizat
1429 3171 1496 3220 non
1514 3144 1623 3217 solum

562 3294 590 3329 ,‚
603 3244 728 3316 tizabat
744 3246 861 3331 enim,
891 3247 970 3344 quia
996 3247 1068 3341 ipse
1118 3301 1143 3335 ,‚
1162 3248 1290 3346 spiritu
1304 3296 1315 3331 ,
1329 3249 1388 3320 sed
1404 3245 1507 3319 etiam
1527 3245 1626 3338 aqua?

561 3392 589 3430 ,,
604 3346 813 3428 mundabat,
832 3371 898 3419 non
915 3346 1069 3441 baptiza·
1119 3402 1144 3437 ‚,
1163 3348 1258 3424 Audi
1275 3345 1483 3444 Apostolum
1501 3373 1511 3415 ι
1530 3342 1623 3413 Sicut

561 3489 589 3546 Ξ,
603 3444 684 3526 bat,
701 3444 861 3538 quianon
877 3447 949 3541 ipse
965 3446 1070 3540 tinge·
1120 3501 1145 3536 „
1160 3449 1342 3529 Christus,
1361 3447 1470 3542 inquit
1485 3495 1495 3527 ‚
1508 3437 1629 3514 dilexit

562 3589 588 3624 ‚,
599 3543 671 3612 bat.
684 3539 879 3618 Praebebunt
894 3543 1070 3641 Discipuli
1120 3547 1347 3634 „Ecclesiam
1376 3597 1387 3628 ,
1415 3562 1449 3615 et
1478 3543 1625 3631 seipsum

562 3637 830 3721 „ministerium
881 3644 1067 3738 corporis,
1118 3698 1143 3733 ,‚
1160 3645 1302 3718 tradidit
1318 3666 1381 3735 pro
1398 3665 1448 3721 ea,
1464 3636 1623 3710 mundans

561 3783 588 3822 „
602 3736 774 3827 praebebat
787 3738 845 3809 ille
858 3741 1068 3827 adjutorium
1119 3795 1143 3827 „
1160 3766 1234 3813 eam
1253 3740 1389 3808 lavacro
1402 3755 1496 3824 aquae
1509 3731 1542 3798 in
1554 3747 1623 3795 ver·

561 3883 587 3917 ‚,
605 3833 798 3914 majestatis.
812 3835 962 3932 Quando
974 3837 1066 3911 enim
1115 3889 1140 3926 „
1153 3842 1212 3915 bo,
1224 3851 1265 3904 ut
1277 3832 1457 3904 exhiberet
1474 3828 1544 3919 ipse
1560 3819 1620 3894 sibi

559 3952 746 4016 „cessaret
778 3961 797 4008 a
824 3939 1027 4033 baptizando
1054 3983 1066 4016 ‚
1112 3986 1142 4022 „
1158 3930 1343 4028 gloriosam
1356 3924 1622 4004 Ecclesiammon

559 4033 762 4123 „quamdiu
803 4061 870 4108 non
903 4049 1010 4108 cessat
1047 4051 1066 4097 u
1115 4029 1332 4116 „habentem
1350 4024 1536 4103 maculam,
1569 4031 1621 4089 :ut
1652 4095 1657 4104 ,

558 4176 585 4212 ,,
602 4132 823 4206 mundando?
839 4133 897 4203 De
925 4153 995 4221 quo
1013 4124 1067 4194 di·
1115 4167 1143 4213 „·
1157 4148 1303 4218 rugam,
1330 4145 1391 4197 aut
1406 4120 1534 4215 aliquid
1564 4122 1621 4186 iu·

558 4277 583 4312 „
600 4244 693 4301 ctum
710 4251 760 4303 est
776 4232 817 4301 ab
833 4229 956 4298 eodem
970 4224 1067 4306 Joan·
1114 4274 1139 4309 ,‚
1157 4222 1304 4307 jusmodi
1320 4277 1332 4297 .
1347 4225 1514 4294 Mundans
1527 4239 1620 4288 eam·

558 4376 585 4414 „
600 4348 660 4408 ne,
677 4321 886 4419 perloannis
901 4316 1066 4410 Baptistae
1115 4371 1139 4407 „
1153 4321 1250 4392 Unde
1263 4327 1281 4398 Ρ,
1299 4323 1451 4394 Lavacro
1472 4339 1564 4412 aquae
1590 4312 1620 4384 'm

557 4475 584 4511 „
601 4445 777 4515 personum
796 4415 966 4523 dicentis:
995 4411 1065 4484 Hic
1114 4469 1140 4505 „
1153 4422 1264 4492 verbo
1280 4468 1290 4489 .
1307 4420 1403 4507 Quid
1423 4440 1472 4494 est
1493 4420 1619 4514 Bapt's·

557 4570 584 4605 „
599 4537 674 4596 est,
691 4516 749 4606 qui
764 4517 913 4602 baptizat
930 4561 942 4581 .
969 4511 1062 4606 Ergo
1115 4568 1140 4602 ,‚
1161 4543 1235 4590 mus
1253 4518 1388 4592 Christi
1404 4527 1419 4590 ?
1433 4521 1617 4591 Lavacrm

556 4608 1064 4701 „Jesusadhucbaptizatzet
1114 4639 1248 4709 „aquae
1287 4619 1321 4690 in
1351 4622 1489 4689 verbo.
1524 4610 1617 4688 Telie

558 4725 776 4802 „quousque
805 4707 996 4800 baptizandi
1010 4733 1066 4782 su·
1114 4765 1140 4798 ‚,
1155 4739 1274 4800 aquam
1291 4767 1302 4798 ‚
1327 4736 1458 4789 nonest
1486 4708 1615 4788 nams-

558 4853 584 4890 η
600 4823 672 4874 Πῑῑῑὸ
685 4853 696 4887 ²
711 4805 810 4892 lesus
825 4808 993 4905 baptizat.
1011 4809 1064 4882 Se·
1114 4864 1137 4899 ,‚
1153 4839 1226 4885 mus
1241 4843 1251 4883 e
1280 4817 1365 4888 tolle
1383 4817 1527 4890 verbum
1546 4832 1615 4882 non

556 4950 581 4995 „
598 4910 821 5026 curuslhomo
857 4914 996 4989 accedat
1020 4910 1063 4984 ad
1113 4963 1139 5002 ,‚
1155 4931 1205 4988 est
1220 4912 1434 5014 Baptismus.
1447 4965 1473 5001 ,‚
