4284 6125
868 1306 1334 1419 uxosxcs‘iro„
1545 1325 1636 1417 325

559 1415 677 1535 p'oris
714 1417 948 1538 eoiiigirnus
981 1453 1069 1510 eam
1092 1454 1179 1509 esse
1198 1416 1539 1547 necessarism'ad
1556 1425 1641 1508 itu·

557 1567 628 1656 ges
667 1545 973 1630 conservandas
1005 1605 1016 1628 .
1048 1545 1130 1629 ista
1165 1573 1301 1643 veto,
1334 1546 1381 1629 u't
1413 1563 1551 1657 puto,
1583 1543 1636 1625 ab

557 1658 773 1776 Episcopo
820 1660 978 1750 minori
1010 1662 1262 1750 auctoritate
1306 1662 1499 1749 instituta
1523 1687 1526 1693 ’
1546 1685 1638 1744 esse

560 1777 714 1896 iegitur
735 1840 746 1862 .

953 1898 1238 1987 CLXXII.

880 2105 967 2176 *DE
996 2104 1300 2167 DRACONE

670 2254 851 2356 Draco,
882 2255 953 2372 qui
982 2288 1058 2374 pet
1094 2257 1279 2344 triduum
1307 2257 1405 2342 ittud
1435 2257 1634 2368 deporta·

558 2389 660 2468 tur,
692 2404 786 2460 cum
820 2377 939 2495 ionga
972 2381 1131 2478 cauda,
1161 2375 1201 2463 ἃ
1230 2375 1370 2460 inflata
1402 2374 1447 2458 in
1481 2373 1631 2488 primis

554 2487 721 2578 duobus
746 2493 892 2582 diebus
929 2497 1257 2593 autectucetn,
1292 2494 1334 2581 ἃ
1367 2492 1552 2594 vexilla3
1585 2491 1631 2579 ἃ

551 2606 701 2699 ultimo
736 2611 806 2699 die
828 2640 926 2729 post
958 2643 1074 2703 retro
1101 2677 1115 2716 ,
1147 2614 1358 2731 significat
1382 2610 1632 2708 diabolum,

551 2729 622 2836 qui
646 2758 722 2841 per
755 2731 836 2820 ttia
871 2758 1059 2850 tempora
1094 2795 1108 2836 ,
1140 2733 1302 2822 scilicet
1334 2756 1431 2819 ante
1464 2732 1637 2847 legem,

547 2847 625 2931 sub
646 2848 767 2967 legs,
798 2859 840 2937 e't
858 2856 935 2938 sub
956 2853 1224 2971 gratia5quae
1242 2882 1316 2968 pet
1338 2855 1413 2936 hos
1436 2876 1521 2936 ttes
1537 2847 1629 2935 dies

548 2961 814 3081 figurantur,
846 2972 1040 3060 homines
1056 2972 1234 3075 fefellit,
1266 2969 1502 3057 aut.fa11ere
1537 2991 1634 3051 ten·

551 3104 639 3168 tat.
672 3089 719 3172 lo
744 3090 921 3178 'uuobus
950 3092 1133 3206 primis,
1164 3091 1279 3205 quasi
1305 3089 1522 3176 'Dominus
1548 3085 1632 3170 fuit

549 3201 667 3285 orbis
700 3237 714 3307 ;
755 3211 867 3294 unde
896 3211 1096 3298 Christus
1130 3212 1204 3328 (1)
1234 3211 1450 3326 principem
1486 3206 1632 3291 mundi

547 3343 643 3402 eum
666 3351 791 3412 vocat
812 3390 821 3409 .
856 3330 903 3413 ln
938 3354 1131 3445 tempore
1150 3332 1294 3445 grutiae
1312 3359 1385 3442 per
1405 3326 1630 3413 Christum

545 3434 686 3524 victus
702 3440 782 3539 iuit
804 3505 818 3544 ,
851 3475 928 3536 uec
946 3448 1144 3537 audet'itu
1163 3469 1357 3561 potenter
1378 3476 1551 3560 regnate
1580 3471 1631 3531 ut

543 3554 699 3669 ptius,
728 3565 799 3650 sed
817 3593 893 3678 pet
917 3569 1207 3685 suggestiones
1228 3570 1403 3652 latenter
1432 3565 1629 3650 homines

541 3676 705 3765 seducit
725 3740 739 3780 ‚
772 3713 879 3797 quos
898 3686 1041 3803 pigros
1060 3689 1177 3773 videt
1196 3688 1239 3771 in
1262 3685 1384 3771 bonis
1400 3685 1624 3799 operibus,
1641 3713 1647 3730 ·

540 3818 619 3881 nec
648 3798 758 3886 viam
787 3803 889 3892 vitae
917 3832 1155 3895 sectantes:
1190 3806 1287 3893 inde
1314 3828 1377 3890 est
1398 3804 1420 3904 ,⁴
1444 3804 1555 3915 quod
1573 3801 1622 3887 in

540 3912 708 4004 duobus
730 3919 880 4036 primis
899 3927 1047 4012 diebus
1066 3925 1295 4042 praecedit,
1327 3924 1371 4010 in
1393 3924 1539 4008 ultimo
1559 3950 1623 4005 se·

540 4034 685 4144 quitur
710 4103 721 4123 .
757 4043 850 4154 lpse
868 4049 1001 4133 'draco
1018 4071 1114 4145 est,
1145 4072 1192 4130 et
1212 4048 1278 4129 leo
1301 4102 1311 4123 .
1343 4043 1488 4127 Draco
1505 4039 1620 4137 suit,

536 4157 735 4261 quoniam
753 4159 972 4259 Christum
1007 4195 1133 4278 supra
1168 4162 1436 4279 pinnaculum
1467 4157 1616 4268 tempii

534 4295 610 4379 per
627 4305 772 4362 vanam
802 4282 977 4394 gloriam
1005 4287 1180 4369 latenter
1203 4282 1343 4367 tattere
1370 4279 1536 4372 uoluit,
1568 4274 1614 4359 ἃ

532 4394 884 4495 tentavit‚dicens
900 4404 975 4519 (α)
995 4431 1008 4486 τ
1040 4403 1086 4485 Si
1101 4402 1228 4487 Filius
1248 4400 1324 4485 Dei
1340 4430 1382 4486 es
1392 4458 1416 4498 ,,
1446 4395 1614 4479 mittete

531 4508 717 4599 deorsum
749 4548 763 4620 ;
797 4515 839 4605 ἃ
870 4520 988 4633 quasi
1018 4523 1098 4611 hoc
1118 4549 1265 4609 secure
1295 4546 1438 4631 posset
1455 4513 1612 4608 facete,

1257 4638 1352 4751 Xs

553 4888 607 4984 (¹)
620 4887 717 4973 ioan·
734 4896 809 4969 xil.
826 4920 884 4994 31.
1079 4903 1342 5005 (2)Matth.1v.
1358 4906 1392 4971 6.
