4284 6125
844 1369 1271 1433 zxuurcmo.
1499 1367 1584 1456 523

528 1481 670 1563 sunt,
712 1459 807 1577 quin
839 1489 954 1550 tanto
989 1461 1232 1579 perfectiori
1264 1457 1440 1548 scientia
1471 1462 1590 1574 plene

519 1606 625 1671 sunt
646 1643 660 1680 ,
690 1606 845 1695 quanto
860 1584 1086 1672 claritatem
1104 1577 1185 1666 Dei
1203 1578 1383 1666 vicinius
1400 1603 1591 1665 contem-

523 1702 692 1816 plentur
717 1724 807 1802 ,rut
825 1706 1051 1790 secundum
1079 1724 1281 1787 creeturre
1307 1700 1505 1799 modurn,
1537 1725 1590 1783 eo

518 1817 811 1934 rpleneom'nia
844 1820 977 1907 sciant
1009 1877 1023 1916 ,
1054 1846 1141 1931 quo
1161 1814 1319 1902 visioni
1355 1816 1590 1903 condituris

518 1934 590 2025 ¹sui
624 1965 699 2050 per
734 1938 927 2024 merirum
969 1934 1182 2053 dignitatis
1219 1933 1589 2050 appropinquent.

518 2055 716 2169 Seraphin
735 2056 802 2141 illa
822 2117 836 2156 ,
867 2084 961 2169 quae
981 2057 1105 2142 isaias
1122 2058 1331 2169 Propheta
1350 2053 1394 2138 in
1415 2081 1591 2165 conspe·

525 2197 596 2259 ctu
629 2173 805 2258 Domini
839 2200 947 2259 stare
979 2171 1238 2287 conspexit,
1270 2200 1388 2260 senas
1420 2173 1589 2258 eluthe-

523 2292 663 2379 buisse
685 2291 938 2378 describitur
959 2355 970 2377 .
989 2293 1161 2379 Duabus
1177 2295 1251 2409 (1)
1270 2350 1284 2390 ,
1301 2288 1459 2405 inquit,
1485 2292 1588 2381 uelu-

518 2410 619 2498 bnnt
627 2406 774 2514 faciem
795 2469 810 2511 ,
838 2434 879 2498 et
892 2414 1050 2498 duobus
1069 2414 1255 2500 velebant
1265 2415 1386 2527 pedes
1404 2431 1473 2510 ,et
1486 2414 1589 2497 dnu-

521 2528 597 2615 hus
619 2526 810 2627 volabunt
829 2558 842 2632 ;
863 2533 1053 2618 velabant
1071 2550 1203 2644 porro
1222 2524 1394 2629 faciem,
1411 2526 1502 2616 sive
1520 2555 1590 2641 pe·

523 2647 596 2735 des
630 2676 715 2733 non
750 2680 880 2747 suos,
908 2652 979 2735 sed
1001 2649 1147 2761 urique
1166 2647 1275 2733 Dei.
1307 2649 1361 2735 Et
1393 2649 1493 2762 quid
1514 2674 1589 2759 per

518 2762 666 2853 faciem
694 2768 812 2869 Dei,
845 2767 924 2853 nisi
961 2766 1104 2853 mundi
1131 2763 1388 2882 principium
1417 2767 1441 2853 ‘l
1472 2765 1589 2884 Quid

518 2912 597 2996 iper
630 2889 798 3012 pedes,
832 2885 910 2973 nisi
932 2885 1128 3000 equidem
1159 2888 1302 2975 mundi
1337 2885 1431 2972 linis
1461 2889 1588 2971 debet

518 3000 734 3121 intelligi?
765 3002 938 3091 Aletum
962 3032 1067 3121 ergo
1087 3007 1337 3122 Seraphim,
1365 3027 1410 3092 et
1446 3007 1586 3123 plures

524 3146 620 3205 sunt
640 3147 734 3234 quoe
750 3123 891 3208 velant
910 3183 925 3224 ,
955 3148 995 3210 et
1015 3154 1158 3240 paucae
1181 3155 1276 3240 qnae
1294 3124 1438 3212 volant
1457 3185 1472 3225 ,
1489 3124 1586 3237 quia

520 3267 570 3323 ex
587 3239 845 3327 Divinorum
865 3270 1042 3364 operum
1075 3242 1323 3332 celsitudine
1343 3300 1357 3340 ‚
1375 3271 1468 3329 cum
1494 3269 1588 3356 per·

518 3385 646 3470 pauca
673 3361 722 3445 ad
751 3381 934 3446 nostram
972 3362 1272 3475 permittuntur
1297 3359 1491 3448 advolare
1512 3389 1586 3444 no-

518 3474 685 3576 titiam,
717 3477 893 3591 plurima
921 3478 964 3566 in
985 3479 1187 3568 thesauris
1209 3500 1472 3566 secretorum
1507 3506 1586 3562 cae·

517 3591 683 3680 lestium
709 3619 927 3684 servantur
951 3601 1112 3685 occulte
1142 3628 1155 3700 ;
1187 3598 1378 3711 Namque
1401 3592 1585 3683 funditus

517 3705 753 3826 ignoramus
768 3765 788 3814 ·,
818 3716 917 3829 qnid
935 3743 1030 3803 unte
1047 3717 1190 3803 mundi
1219 3713 1475 3832 principium
1499 3712 1583 3799 luc·

517 3836 607 3928 rit,
638 3858 681 3919 et
712 3834 812 3945 quid
835 3862 933 3949 post
960 3838 1362 3925 consummationem
1380 3826 1586 3923 seculifn

517 3971 655 4083 turum
673 3950 729 4037 sit
748 3983 761 4055 ;
779 3952 888 4066 idem
922 3955 1113 4068 perhibet
1131 3953 1253 4042 lsaias
1285 3960 1359 4072 (n)
1379 3977 1391 4037 t
1409 3952 1548 4040 Priora
1568 4011 1585 4050 ,

517 4067 692 4178 lnquit,
721 4065 1073 4190 annuntiotenrilri
1088 4129 1103 4174 ,
1135 4095 1175 4160 et
1209 4072 1460 4173 novissimo,
1493 4100 1586 4190 quae

517 4185 650 4279 lutura
670 4211 766 4276 sunt
782 4245 796 4288 ,
813 4213 853 4278 et
868 4189 997 4279 dicum
1011 4247 1024 4291 ,
1039 4192 1134 4309 quio
1152 4191 1209 4278 dii
1221 4191 1315 4280 estis
1335 4191 1417 4280 .De
1435 4190 1583 4277 mediis

517 4329 650 4388 eutem
666 4336 794 4419 pauca
812 4335 1037 4422 utcumque
1057 4312 1381 4427 cognoscimus,
1415 4339 1508 4423 ques
1528 4332 1584 4392 ta·

517 4443 612 4508 men
639 4429 1020 4543 exscripturarum
1049 4432 1173 4518 nobis
1199 4430 1467 4520 attestatione
1483 4453 1583 4543 pan·

548 4631 607 4716 ,(1)
625 4629 690 4706 lsa.
720 4601 794 4726 cap.
813 4649 864 4708 vr.
894 4653 967 4707 vet.
984 4662 1017 4708 2.
1089 4649 1147 4728 (cr
1166 4631 1254 4712 ibid.
1270 4651 1418 4729 cap-m.
1445 4649 1584 4721 ver-23.

517 4721 826 4800 nualusneralanr
847 4735 967 4818 faciem
986 4756 1018 4804 e·
1072 4734 1382 4813 ultramarinae,
1408 4729 1477 4830 'quc
1502 4738 1584 4803 vern

517 4823 569 4903 ius
584 4867 595 4902 ,
613 4839 644 4890 tr
659 4825 1019 4928 duabusvelabantpe·
1074 4849 1149 4901 tura
1181 4849 1257 4902 sunt
1285 4831 1318 4900 in
1343 4827 1521 4917 ferroum,
1549 4842 1581 4898 et

517 4918 570 4989 det
585 4922 702 5004 ejusce
713 4923 1016 5041 duabus-olebant.
1041 5011 1050 5024 ⁸
1069 4931 1327 5029 egimus,un
1338 4931 1397 5004 tsi.
1408 4932 1579 5014 “11⁶th
