<?xml version="1.0" encoding="UTF-8"?>
<!DOCTYPE html PUBLIC "-//W3C//DTD XHTML 1.0 Transitional//EN"
    "http://www.w3.org/TR/xhtml1/DTD/xhtml1-transitional.dtd">
<html xmlns="http://www.w3.org/1999/xhtml" xml:lang="en" lang="en">
 <head>
  <title>
</title>
<meta http-equiv="Content-Type" content="text/html;charset=utf-8" />
  <meta name='ocr-system' content='tesseract 3.04.00' />
  <meta name='ocr-capabilities' content='ocr_page ocr_carea ocr_par ocr_line ocrx_word'/>
</head>
<body>
  <div class='ocr_page' id='page_1' title='image "./ssecclesirituum00unkngoog_0382.png"; bbox 0 0 4284 6125; ppageno 0'>
   <div class='ocr_carea' id='block_1_1' title="bbox 507 1262 1597 2907">
    <p class='ocr_par' dir='ltr' id='par_1_1' title="bbox 507 1262 1597 2907">
     <span class='ocr_line' id='line_1_1' title="bbox 827 1262 1597 1372; baseline -0.001 -26"><span class='ocrx_word' id='word_1_1' title='bbox 827 1284 1262 1348; x_wconf 66' lang='lat' dir='ltr'>Exnrcituotz</span> <span class='ocrx_word' id='word_1_2' title='bbox 1347 1294 1360 1315; x_wconf 94' lang='lat'>··</span> <span class='ocrx_word' id='word_1_3' title='bbox 1497 1262 1597 1372; x_wconf 65' lang='lat'>339</span> 
     </span>
     <span class='ocr_line' id='line_1_2' title="bbox 522 1370 1589 1493; baseline -0.008 -23"><span class='ocrx_word' id='word_1_4' title='bbox 522 1415 571 1470; x_wconf 87' lang='lat' dir='ltr'>ex</span> <span class='ocrx_word' id='word_1_5' title='bbox 594 1409 669 1469; x_wconf 86' lang='lat' dir='ltr'>ote</span> <span class='ocrx_word' id='word_1_6' title='bbox 686 1379 892 1467; x_wconf 78' lang='lat' dir='ltr'>Altissimi</span> <span class='ocrx_word' id='word_1_7' title='bbox 919 1378 1110 1493; x_wconf 83' lang='lat' dir='ltr'>prodiit.</span> <span class='ocrx_word' id='word_1_8' title='bbox 1144 1381 1338 1465; x_wconf 85' lang='lat' dir='ltr'>Rursus:</span> <span class='ocrx_word' id='word_1_9' title='bbox 1373 1370 1453 1462; x_wconf 87' lang='lat' dir='ltr'>iste</span> <span class='ocrx_word' id='word_1_10' title='bbox 1472 1404 1589 1461; x_wconf 88' lang='lat' dir='ltr'>meu-</span> 
     </span>
     <span class='ocr_line' id='line_1_3' title="bbox 519 1492 1588 1599; baseline -0.007 -10"><span class='ocrx_word' id='word_1_11' title='bbox 519 1504 574 1589; x_wconf 72' lang='grc' dir='ltr'>εἰς</span> <span class='ocrx_word' id='word_1_12' title='bbox 603 1501 755 1590; x_wconf 76' lang='lat' dir='ltr'>calidus</span> <span class='ocrx_word' id='word_1_13' title='bbox 782 1525 877 1599; x_wconf 85' lang='lat' dir='ltr'>est,</span> <span class='ocrx_word' id='word_1_14' title='bbox 909 1524 951 1585; x_wconf 92' lang='lat' dir='ltr'>et</span> <span class='ocrx_word' id='word_1_15' title='bbox 974 1497 1134 1583; x_wconf 85' lang='lat' dir='ltr'>medius</span> <span class='ocrx_word' id='word_1_16' title='bbox 1165 1497 1296 1596; x_wconf 82' lang='lat' dir='ltr'>unni,</span> <span class='ocrx_word' id='word_1_17' title='bbox 1324 1496 1428 1581; x_wconf 89' lang='lat' dir='ltr'>etin</span> <span class='ocrx_word' id='word_1_18' title='bbox 1449 1492 1588 1581; x_wconf 69' lang='lat' dir='ltr'>media</span> 
     </span>
     <span class='ocr_line' id='line_1_4' title="bbox 518 1614 1586 1733; baseline -0.008 -26"><span class='ocrx_word' id='word_1_19' title='bbox 518 1646 643 1708; x_wconf 80' lang='lat' dir='ltr'>aetate</span> <span class='ocrx_word' id='word_1_20' title='bbox 676 1679 689 1718; x_wconf 94' lang='lat'><strong>,</strong></span> <span class='ocrx_word' id='word_1_21' title='bbox 721 1618 793 1706; x_wconf 93' lang='lat' dir='ltr'>ubi</span> <span class='ocrx_word' id='word_1_22' title='bbox 819 1617 1005 1733; x_wconf 86' lang='lat' dir='ltr'>quisque</span> <span class='ocrx_word' id='word_1_23' title='bbox 1040 1620 1090 1702; x_wconf 86' lang='lat' dir='ltr'>ab</span> <span class='ocrx_word' id='word_1_24' title='bbox 1118 1640 1225 1702; x_wconf 84' lang='lat' dir='ltr'>aestu</span> <span class='ocrx_word' id='word_1_25' title='bbox 1260 1614 1459 1700; x_wconf 86' lang='lat' dir='ltr'>vitiorum</span> <span class='ocrx_word' id='word_1_26' title='bbox 1494 1616 1586 1726; x_wconf 80' lang='lat' dir='ltr'>pius</span> 
     </span>
     <span class='ocr_line' id='line_1_5' title="bbox 519 1733 1582 1852; baseline -0.007 -29"><span class='ocrx_word' id='word_1_27' title='bbox 519 1739 759 1826; x_wconf 83' lang='lat' dir='ltr'>accenditur</span> <span class='ocrx_word' id='word_1_28' title='bbox 782 1799 796 1837; x_wconf 91' lang='lat'>‚</span> <span class='ocrx_word' id='word_1_29' title='bbox 829 1737 955 1852; x_wconf 85' lang='lat' dir='ltr'>magis</span> <span class='ocrx_word' id='word_1_30' title='bbox 981 1738 1107 1822; x_wconf 90' lang='lat' dir='ltr'>debet</span> <span class='ocrx_word' id='word_1_31' title='bbox 1125 1733 1327 1850; x_wconf 81' lang='lat' dir='ltr'>sapientia</span> <span class='ocrx_word' id='word_1_32' title='bbox 1343 1758 1582 1819; x_wconf 83' lang='lat' dir='ltr'>succurere.</span> 
     </span>
     <span class='ocr_line' id='line_1_6' title="bbox 516 1852 1587 1972; baseline -0.007 -31"><span class='ocrx_word' id='word_1_33' title='bbox 516 1858 604 1942; x_wconf 89' lang='lat' dir='ltr'>Ubi</span> <span class='ocrx_word' id='word_1_34' title='bbox 624 1878 740 1943; x_wconf 86' lang='lat' dir='ltr'>tanto</span> <span class='ocrx_word' id='word_1_35' title='bbox 759 1855 988 1970; x_wconf 84' lang='lat' dir='ltr'>sapientius</span> <span class='ocrx_word' id='word_1_36' title='bbox 1007 1882 1070 1941; x_wconf 71' lang='lat' dir='ltr'>e‘st</span> <span class='ocrx_word' id='word_1_37' title='bbox 1088 1858 1293 1972; x_wconf 83' lang='lat' dir='ltr'>agendum</span> <span class='ocrx_word' id='word_1_38' title='bbox 1314 1913 1329 1952; x_wconf 86' lang='lat'><strong>,</strong></span> <span class='ocrx_word' id='word_1_39' title='bbox 1353 1852 1417 1936; x_wconf 84' lang='lat' dir='ltr'>uei</span> <span class='ocrx_word' id='word_1_40' title='bbox 1433 1879 1587 1937; x_wconf 83' lang='lat' dir='ltr'><strong>caven·</strong></span> 
     </span>
     <span class='ocr_line' id='line_1_7' title="bbox 514 1964 1592 2092; baseline -0.001 -32"><span class='ocrx_word' id='word_1_41' title='bbox 514 1977 655 2074; x_wconf 86' lang='lat' dir='ltr'>dum,</span> <span class='ocrx_word' id='word_1_42' title='bbox 694 2001 852 2088; x_wconf 82' lang='lat' dir='ltr'>quanto</span> <span class='ocrx_word' id='word_1_43' title='bbox 886 1979 978 2092; x_wconf 80' lang='lat' dir='ltr'>pius</span> <span class='ocrx_word' id='word_1_44' title='bbox 1003 1978 1113 2059; x_wconf 82' lang='lat' dir='ltr'>vaiet</span> <span class='ocrx_word' id='word_1_45' title='bbox 1143 1973 1282 2060; x_wconf 81' lang='lat' dir='ltr'>aetatis</span> <span class='ocrx_word' id='word_1_46' title='bbox 1308 1964 1592 2086; x_wconf 66' lang='lat' dir='ltr'>peaefectioud</span> 
     </span>
     <span class='ocr_line' id='line_1_8' title="bbox 513 2093 1590 2190; baseline -0.003 -10"><span class='ocrx_word' id='word_1_47' title='bbox 513 2093 821 2181; x_wconf 84' lang='lat' dir='ltr'>resistendum:</span> <span class='ocrx_word' id='word_1_48' title='bbox 853 2115 954 2183; x_wconf 89' lang='lat' dir='ltr'>tunc</span> <span class='ocrx_word' id='word_1_49' title='bbox 971 2093 1084 2179; x_wconf 88' lang='lat' dir='ltr'>enim</span> <span class='ocrx_word' id='word_1_50' title='bbox 1115 2121 1285 2187; x_wconf 77' lang='lat' dir='ltr'>necesse</span> <span class='ocrx_word' id='word_1_51' title='bbox 1304 2111 1399 2190; x_wconf 87' lang='lat' dir='ltr'>est,</span> <span class='ocrx_word' id='word_1_52' title='bbox 1429 2110 1476 2173; x_wconf 91' lang='lat' dir='ltr'>ut</span> <span class='ocrx_word' id='word_1_53' title='bbox 1508 2115 1590 2177; x_wconf 84' lang='lat' dir='ltr'>cot-</span> 
     </span>
     <span class='ocr_line' id='line_1_9' title="bbox 514 2206 1588 2330; baseline -0.001 -34"><span class='ocrx_word' id='word_1_54' title='bbox 514 2211 700 2299; x_wconf 86' lang='lat' dir='ltr'>hominis</span> <span class='ocrx_word' id='word_1_55' title='bbox 725 2215 938 2330; x_wconf 68' lang='lat' dir='ltr'>uoncaieat</span> <span class='ocrx_word' id='word_1_56' title='bbox 972 2274 988 2313; x_wconf 86' lang='lat'><strong>,</strong></span> <span class='ocrx_word' id='word_1_57' title='bbox 1037 2210 1158 2298; x_wconf 85' lang='lat' dir='ltr'>etin</span> <span class='ocrx_word' id='word_1_58' title='bbox 1184 2208 1458 2295; x_wconf 81' lang='lat' dir='ltr'><strong>meditatione</strong></span> <span class='ocrx_word' id='word_1_59' title='bbox 1492 2206 1588 2316; x_wconf 46' lang='lat' dir='ltr'>ejus*</span> 
     </span>
     <span class='ocr_line' id='line_1_10' title="bbox 511 2326 1586 2446; baseline -0.002 -29"><span class='ocrx_word' id='word_1_60' title='bbox 511 2329 621 2446; x_wconf 85' lang='lat' dir='ltr'>ignis</span> <span class='ocrx_word' id='word_1_61' title='bbox 647 2334 884 2422; x_wconf 84' lang='lat' dir='ltr'>exardescat</span> <span class='ocrx_word' id='word_1_62' title='bbox 917 2364 930 2438; x_wconf 91' lang='lat'>;</span> <span class='ocrx_word' id='word_1_63' title='bbox 967 2329 1167 2445; x_wconf 83' lang='lat' dir='ltr'>quoniam</span> <span class='ocrx_word' id='word_1_64' title='bbox 1198 2327 1412 2416; x_wconf 81' lang='lat' dir='ltr'>Dominus</span> <span class='ocrx_word' id='word_1_65' title='bbox 1439 2326 1586 2442; x_wconf 75' lang='lat' dir='ltr'>ignem</span> 
     </span>
     <span class='ocr_line' id='line_1_11' title="bbox 511 2449 1586 2551; baseline 0 -20"><span class='ocrx_word' id='word_1_66' title='bbox 511 2449 633 2536; x_wconf 87' lang='lat' dir='ltr'>venit</span> <span class='ocrx_word' id='word_1_67' title='bbox 662 2450 831 2541; x_wconf 85' lang='lat' dir='ltr'>mittete</span> <span class='ocrx_word' id='word_1_68' title='bbox 849 2452 892 2538; x_wconf 91' lang='lat' dir='ltr'>in</span> <span class='ocrx_word' id='word_1_69' title='bbox 923 2476 1109 2551; x_wconf 82' lang='lat' dir='ltr'>terram3</span> <span class='ocrx_word' id='word_1_70' title='bbox 1148 2472 1190 2535; x_wconf 90' lang='lat' dir='ltr'>et</span> <span class='ocrx_word' id='word_1_71' title='bbox 1217 2475 1389 2543; x_wconf 77' lang='lat' dir='ltr'><strong>necesse</strong></span> <span class='ocrx_word' id='word_1_72' title='bbox 1407 2467 1501 2542; x_wconf 87' lang='lat' dir='ltr'>est,</span> <span class='ocrx_word' id='word_1_73' title='bbox 1533 2469 1586 2531; x_wconf 81' lang='lat' dir='ltr'>ut</span> 
     </span>
     <span class='ocr_line' id='line_1_12' title="bbox 511 2563 1578 2689; baseline -0.003 -38"><span class='ocrx_word' id='word_1_74' title='bbox 511 2569 651 2656; x_wconf 80' lang='lat' dir='ltr'>ardeat</span> <span class='ocrx_word' id='word_1_75' title='bbox 684 2633 696 2654; x_wconf 92' lang='lat'><strong>.</strong></span> <span class='ocrx_word' id='word_1_76' title='bbox 743 2571 918 2689; x_wconf 86' lang='lat' dir='ltr'>Signum</span> <span class='ocrx_word' id='word_1_77' title='bbox 950 2569 1105 2656; x_wconf 76' lang='lat' dir='ltr'>mensis</span> <span class='ocrx_word' id='word_1_78' title='bbox 1141 2565 1323 2683; x_wconf 82' lang='lat' dir='ltr'>Augusti</span> <span class='ocrx_word' id='word_1_79' title='bbox 1356 2589 1420 2649; x_wconf 83' lang='lat' dir='ltr'>est</span> <span class='ocrx_word' id='word_1_80' title='bbox 1453 2563 1578 2650; x_wconf 83' lang='lat' dir='ltr'><strong>Leo.</strong></span> 
     </span>
     <span class='ocr_line' id='line_1_13' title="bbox 508 2681 1582 2808; baseline -0.002 -35"><span class='ocrx_word' id='word_1_81' title='bbox 508 2685 698 2774; x_wconf 85' lang='lat' dir='ltr'>Leonem</span> <span class='ocrx_word' id='word_1_82' title='bbox 724 2688 941 2808; x_wconf 86' lang='lat' dir='ltr'>ingentem</span> <span class='ocrx_word' id='word_1_83' title='bbox 971 2687 1016 2772; x_wconf 91' lang='lat' dir='ltr'>in</span> <span class='ocrx_word' id='word_1_84' title='bbox 1036 2686 1205 2776; x_wconf 83' lang='lat' dir='ltr'>Gtaecia</span> <span class='ocrx_word' id='word_1_85' title='bbox 1231 2682 1432 2772; x_wconf 79' lang='lat' dir='ltr'>Hercules</span> <span class='ocrx_word' id='word_1_86' title='bbox 1465 2681 1582 2771; x_wconf 71' lang='lat' dir='ltr'>ocii·</span> 
     </span>
     <span class='ocr_line' id='line_1_14' title="bbox 507 2803 1582 2907; baseline -0.002 -18"><span class='ocrx_word' id='word_1_87' title='bbox 507 2804 599 2907; x_wconf 89' lang='lat' dir='ltr'>dit,</span> <span class='ocrx_word' id='word_1_88' title='bbox 638 2831 681 2893; x_wconf 92' lang='lat' dir='ltr'>et</span> <span class='ocrx_word' id='word_1_89' title='bbox 712 2811 769 2892; x_wconf 92' lang='lat' dir='ltr'>ob</span> <span class='ocrx_word' id='word_1_90' title='bbox 792 2810 995 2894; x_wconf 81' lang='lat' dir='ltr'>virtutem</span> <span class='ocrx_word' id='word_1_91' title='bbox 1022 2835 1135 2897; x_wconf 86' lang='lat' dir='ltr'>suam</span> <span class='ocrx_word' id='word_1_92' title='bbox 1164 2807 1274 2892; x_wconf 86' lang='lat' dir='ltr'>huuc</span> <span class='ocrx_word' id='word_1_93' title='bbox 1294 2803 1582 2891; x_wconf 82' lang='lat' dir='ltr'>interduude·</span> 
     </span>
    </p>
   </div>
   <div class='ocr_carea' id='block_1_2' title="bbox 509 2921 1580 3157">
    <p class='ocr_par' dir='ltr' id='par_1_2' title="bbox 509 2921 1580 3157">
     <span class='ocr_line' id='line_1_15' title="bbox 509 2921 1580 3043; baseline 0.002 -36"><span class='ocrx_word' id='word_1_94' title='bbox 509 2923 590 3006; x_wconf 87' lang='lat' dir='ltr'>cim</span> <span class='ocrx_word' id='word_1_95' title='bbox 608 2929 723 3039; x_wconf 79' lang='lat' dir='ltr'>signa</span> <span class='ocrx_word' id='word_1_96' title='bbox 739 2925 960 3012; x_wconf 81' lang='lat' dir='ltr'>constituit</span> <span class='ocrx_word' id='word_1_97' title='bbox 977 2930 1078 3043; x_wconf 89' lang='lat'>(1).</span> <span class='ocrx_word' id='word_1_98' title='bbox 1111 2926 1204 3014; x_wconf 87' lang='lat' dir='ltr'>Hoc</span> <span class='ocrx_word' id='word_1_99' title='bbox 1222 2923 1384 3042; x_wconf 82' lang='lat' dir='ltr'>signum</span> <span class='ocrx_word' id='word_1_100' title='bbox 1402 2921 1465 3010; x_wconf 80' lang='lat' dir='ltr'>sol</span> <span class='ocrx_word' id='word_1_101' title='bbox 1482 2950 1580 3009; x_wconf 81' lang='lat' dir='ltr'>cunt</span> 
     </span>
     <span class='ocr_line' id='line_1_16' title="bbox 509 3039 1574 3157; baseline -0.002 -31"><span class='ocrx_word' id='word_1_102' title='bbox 509 3039 690 3150; x_wconf 77' lang='lat' dir='ltr'>adjerit,</span> <span class='ocrx_word' id='word_1_103' title='bbox 724 3042 900 3133; x_wconf 87' lang='lat' dir='ltr'>nimium</span> <span class='ocrx_word' id='word_1_104' title='bbox 918 3047 1098 3136; x_wconf 86' lang='lat' dir='ltr'>calorem</span> <span class='ocrx_word' id='word_1_105' title='bbox 1133 3048 1289 3132; x_wconf 84' lang='lat' dir='ltr'>mundo</span> <span class='ocrx_word' id='word_1_106' title='bbox 1315 3041 1492 3157; x_wconf 82' lang='lat' dir='ltr'>reddit(</span> <span class='ocrx_word' id='word_1_107' title='bbox 1522 3040 1574 3156; x_wconf 89' lang='grc'>)..</span> 
     </span>
    </p>
   </div>
   <div class='ocr_carea' id='block_1_3' title="bbox 532 3218 1551 3345">
    <p class='ocr_par' dir='ltr' id='par_1_3' title="bbox 532 3218 1551 3345">
     <span class='ocr_line' id='line_1_17' title="bbox 532 3218 1551 3345; baseline 0.017 -42"><span class='ocrx_word' id='word_1_108' title='bbox 532 3219 770 3343; x_wconf 77' lang='lat' dir='ltr'>Augustum</span> <span class='ocrx_word' id='word_1_109' title='bbox 788 3255 965 3316; x_wconf 83' lang='lat' dir='ltr'>mentem</span> <span class='ocrx_word' id='word_1_110' title='bbox 983 3229 1045 3318; x_wconf 83' lang='lat' dir='ltr'>leo</span> <span class='ocrx_word' id='word_1_111' title='bbox 1052 3220 1350 3345; x_wconf 66' lang='lat' dir='ltr'>feruidusjgne</span> <span class='ocrx_word' id='word_1_112' title='bbox 1361 3218 1518 3340; x_wconf 55' lang='lat' dir='ltr'>permit</span> <span class='ocrx_word' id='word_1_113' title='bbox 1537 3278 1551 3301; x_wconf 90' lang='lat'><strong>·</strong></span> 
     </span>
    </p>
   </div>
   <div class='ocr_carea' id='block_1_4' title="bbox 492 3485 1574 4457">
    <p class='ocr_par' dir='ltr' id='par_1_4' title="bbox 502 3485 1574 3788">
     <span class='ocr_line' id='line_1_18' title="bbox 518 3485 1574 3591; baseline 0.001 -39"><span class='ocrx_word' id='word_1_114' title='bbox 518 3488 583 3591; x_wconf 39' lang='lat'><strong>·(1)</strong></span> <span class='ocrx_word' id='word_1_115' title='bbox 601 3485 635 3555; x_wconf 86' lang='lat' dir='ltr'>S.</span> <span class='ocrx_word' id='word_1_116' title='bbox 649 3485 800 3560; x_wconf 83' lang='lat' dir='ltr'>Isidorus</span> <span class='ocrx_word' id='word_1_117' title='bbox 826 3490 1013 3587; x_wconf 83' lang='lat' dir='ltr'>Originum</span> <span class='ocrx_word' id='word_1_118' title='bbox 1053 3539 1092 3575; x_wconf 84' lang='grc'>,,,</span> <span class='ocrx_word' id='word_1_119' title='bbox 1107 3506 1142 3562; x_wconf 83' lang='lat' dir='ltr'>et</span> <span class='ocrx_word' id='word_1_120' title='bbox 1156 3513 1280 3564; x_wconf 84' lang='lat' dir='ltr'>annuos</span> <span class='ocrx_word' id='word_1_121' title='bbox 1292 3489 1391 3564; x_wconf 81' lang='lat' dir='ltr'>flatus</span> <span class='ocrx_word' id='word_1_122' title='bbox 1403 3534 1415 3567; x_wconf 84' lang='lat'>,</span> <span class='ocrx_word' id='word_1_123' title='bbox 1428 3501 1463 3557; x_wconf 87' lang='lat' dir='ltr'>et</span> <span class='ocrx_word' id='word_1_124' title='bbox 1476 3498 1574 3558; x_wconf 80' lang='lat' dir='ltr'>aestus</span> 
     </span>
     <span class='ocr_line' id='line_1_19' title="bbox 502 3574 1574 3685; baseline 0.01 -40"><span class='ocrx_word' id='word_1_125' title='bbox 502 3574 644 3653; x_wconf 75' lang='lat' dir='ltr'>huni.</span> <span class='ocrx_word' id='word_1_126' title='bbox 672 3610 749 3679; x_wconf 86' lang='lat' dir='ltr'><strong>cap.</strong></span> <span class='ocrx_word' id='word_1_127' title='bbox 764 3610 840 3659; x_wconf 78' lang='lat' dir='ltr'>ixx.</span> <span class='ocrx_word' id='word_1_128' title='bbox 870 3593 1010 3685; x_wconf 84' lang='lat' dir='ltr'><strong>pag.48.</strong></span> <span class='ocrx_word' id='word_1_129' title='bbox 1067 3637 1091 3671; x_wconf 90' lang='lat'>‚‚</span> <span class='ocrx_word' id='word_1_130' title='bbox 1108 3589 1376 3669; x_wconf 83' lang='lat' dir='ltr'>facitmaiotes‚</span> <span class='ocrx_word' id='word_1_131' title='bbox 1407 3606 1508 3684; x_wconf 79' lang='lat' dir='ltr'>quant</span> <span class='ocrx_word' id='word_1_132' title='bbox 1536 3581 1574 3656; x_wconf 92' lang='lat' dir='ltr'>iu</span> 
     </span>
     <span class='ocr_line' id='line_1_20' title="bbox 503 3675 1498 3788; baseline 0.004 -41"><span class='ocrx_word' id='word_1_133' title='bbox 503 3675 610 3788; x_wconf 61' lang='lat' dir='ltr'>coia.</span> <span class='ocrx_word' id='word_1_134' title='bbox 625 3730 649 3762; x_wconf 92' lang='lat'><strong>„</strong></span> <span class='ocrx_word' id='word_1_135' title='bbox 675 3684 851 3769; x_wconf 84' lang='lat' dir='ltr'>Leonem,</span> <span class='ocrx_word' id='word_1_136' title='bbox 878 3687 1011 3783; x_wconf 79' lang='lat' dir='ltr'>inquit,</span> <span class='ocrx_word' id='word_1_137' title='bbox 1065 3735 1090 3768; x_wconf 89' lang='lat'>„</span> <span class='ocrx_word' id='word_1_138' title='bbox 1109 3704 1183 3757; x_wconf 92' lang='lat' dir='ltr'>toto</span> <span class='ocrx_word' id='word_1_139' title='bbox 1201 3684 1334 3779; x_wconf 83' lang='lat' dir='ltr'>reliquo</span> <span class='ocrx_word' id='word_1_140' title='bbox 1348 3703 1433 3754; x_wconf 83' lang='lat' dir='ltr'>anuo</span> <span class='ocrx_word' id='word_1_141' title='bbox 1449 3730 1459 3750; x_wconf 87' lang='lat'><strong>.</strong></span> <span class='ocrx_word' id='word_1_142' title='bbox 1473 3729 1498 3763; x_wconf 88' lang='lat'>„</span> 
     </span>
    </p>

    <p class='ocr_par' dir='ltr' id='par_1_5' title="bbox 493 3781 1574 4368">
     <span class='ocr_line' id='line_1_21' title="bbox 501 3781 1574 3876; baseline 0.01 -32"><span class='ocrx_word' id='word_1_143' title='bbox 501 3825 527 3859; x_wconf 88' lang='lat'><strong>„</strong></span> <span class='ocrx_word' id='word_1_144' title='bbox 545 3796 711 3869; x_wconf 82' lang='lat' dir='ltr'>mgentem</span> <span class='ocrx_word' id='word_1_145' title='bbox 759 3782 925 3855; x_wconf 87' lang='lat' dir='ltr'>Hercules</span> <span class='ocrx_word' id='word_1_146' title='bbox 978 3786 1011 3856; x_wconf 89' lang='lat' dir='ltr'>in</span> <span class='ocrx_word' id='word_1_147' title='bbox 1090 3790 1145 3876; x_wconf 84' lang='lat'>(2)</span> <span class='ocrx_word' id='word_1_148' title='bbox 1163 3786 1231 3855; x_wconf 83' lang='lat' dir='ltr'>Leo</span> <span class='ocrx_word' id='word_1_149' title='bbox 1245 3781 1574 3854; x_wconf 81' lang='lat' dir='ltr'>enimcalidiotom·</span> 
     </span>
     <span class='ocr_line' id='line_1_22' title="bbox 498 3874 1569 3976; baseline 0.009 -35"><span class='ocrx_word' id='word_1_150' title='bbox 498 3918 522 3956; x_wconf 86' lang='lat'>„</span> <span class='ocrx_word' id='word_1_151' title='bbox 540 3874 675 3947; x_wconf 81' lang='lat' dir='ltr'>Graecia</span> <span class='ocrx_word' id='word_1_152' title='bbox 687 3878 842 3966; x_wconf 84' lang='lat' dir='ltr'>occidit3</span> <span class='ocrx_word' id='word_1_153' title='bbox 858 3899 892 3952; x_wconf 88' lang='lat' dir='ltr'>et</span> <span class='ocrx_word' id='word_1_154' title='bbox 907 3904 1011 3976; x_wconf 86' lang='lat' dir='ltr'><strong>prop·</strong></span> <span class='ocrx_word' id='word_1_155' title='bbox 1063 3931 1090 3965; x_wconf 86' lang='lat'>‚,</span> <span class='ocrx_word' id='word_1_156' title='bbox 1104 3882 1200 3953; x_wconf 82' lang='lat' dir='ltr'>nibus</span> <span class='ocrx_word' id='word_1_157' title='bbox 1215 3880 1413 3952; x_wconf 85' lang='lat' dir='ltr'>animalibus</span> <span class='ocrx_word' id='word_1_158' title='bbox 1429 3897 1504 3961; x_wconf 87' lang='lat' dir='ltr'>est;</span> <span class='ocrx_word' id='word_1_159' title='bbox 1533 3898 1569 3952; x_wconf 85' lang='lat' dir='ltr'>et</span> 
     </span>
     <span class='ocr_line' id='line_1_23' title="bbox 496 3974 1568 4081; baseline 0.008 -42"><span class='ocrx_word' id='word_1_160' title='bbox 496 4017 521 4052; x_wconf 86' lang='lat'>‚‚</span> <span class='ocrx_word' id='word_1_161' title='bbox 537 3987 592 4081; x_wconf 78' lang='lat' dir='ltr'>ter</span> <span class='ocrx_word' id='word_1_162' title='bbox 607 3974 771 4049; x_wconf 86' lang='lat' dir='ltr'>virtutem</span> <span class='ocrx_word' id='word_1_163' title='bbox 796 4002 888 4050; x_wconf 83' lang='lat' dir='ltr'>suam</span> <span class='ocrx_word' id='word_1_164' title='bbox 917 3983 1007 4052; x_wconf 89' lang='lat' dir='ltr'>hunc</span> <span class='ocrx_word' id='word_1_165' title='bbox 1060 4028 1086 4064; x_wconf 88' lang='lat'>‚‚</span> <span class='ocrx_word' id='word_1_166' title='bbox 1103 3980 1180 4051; x_wconf 83' lang='lat' dir='ltr'>ideo</span> <span class='ocrx_word' id='word_1_167' title='bbox 1195 3980 1227 4049; x_wconf 89' lang='lat' dir='ltr'>in</span> <span class='ocrx_word' id='word_1_168' title='bbox 1244 3983 1425 4073; x_wconf 82' lang='lat' dir='ltr'>Augusto,</span> <span class='ocrx_word' id='word_1_169' title='bbox 1441 3976 1499 4069; x_wconf 91' lang='lat' dir='ltr'>qui</span> <span class='ocrx_word' id='word_1_170' title='bbox 1516 3996 1568 4048; x_wconf 80' lang='lat' dir='ltr'>est</span> 
     </span>
     <span class='ocr_line' id='line_1_24' title="bbox 493 4073 1564 4180; baseline 0.007 -45"><span class='ocrx_word' id='word_1_171' title='bbox 493 4115 518 4150; x_wconf 87' lang='lat'>‚,</span> <span class='ocrx_word' id='word_1_172' title='bbox 535 4084 622 4180; x_wconf 72' lang='lat' dir='ltr'>mter</span> <span class='ocrx_word' id='word_1_173' title='bbox 631 4075 813 4147; x_wconf 87' lang='lat' dir='ltr'>duodecim</span> <span class='ocrx_word' id='word_1_174' title='bbox 823 4076 1006 4169; x_wconf 81' lang='lat' dir='ltr'>signacon·</span> <span class='ocrx_word' id='word_1_175' title='bbox 1058 4126 1083 4160; x_wconf 90' lang='lat'>„</span> <span class='ocrx_word' id='word_1_176' title='bbox 1100 4077 1244 4149; x_wconf 79' lang='lat' dir='ltr'>calidior</span> <span class='ocrx_word' id='word_1_177' title='bbox 1268 4077 1343 4148; x_wconf 74' lang='lat' dir='ltr'>attis</span> <span class='ocrx_word' id='word_1_178' title='bbox 1368 4073 1564 4160; x_wconf 83' lang='lat' dir='ltr'>mensibus,</span> 
     </span>
     <span class='ocr_line' id='line_1_25' title="bbox 498 4170 1562 4270; baseline 0.004 -26"><span class='ocrx_word' id='word_1_179' title='bbox 498 4211 523 4260; x_wconf 64' lang='lat'>2,</span> <span class='ocrx_word' id='word_1_180' title='bbox 536 4170 669 4242; x_wconf 79' lang='lat' dir='ltr'>stituit.</span> <span class='ocrx_word' id='word_1_181' title='bbox 698 4173 776 4244; x_wconf 89' lang='lat' dir='ltr'>Hoc</span> <span class='ocrx_word' id='word_1_182' title='bbox 789 4174 921 4270; x_wconf 78' lang='lat' dir='ltr'>signum</span> <span class='ocrx_word' id='word_1_183' title='bbox 951 4174 1002 4246; x_wconf 88' lang='lat' dir='ltr'>sol</span> <span class='ocrx_word' id='word_1_184' title='bbox 1056 4224 1081 4258; x_wconf 92' lang='lat'>‚,</span> <span class='ocrx_word' id='word_1_185' title='bbox 1096 4176 1225 4267; x_wconf 75' lang='lat' dir='ltr'>positus</span> <span class='ocrx_word' id='word_1_186' title='bbox 1239 4196 1341 4261; x_wconf 67' lang='lat' dir='ltr'>esu„</span> <span class='ocrx_word' id='word_1_187' title='bbox 1359 4175 1410 4248; x_wconf 85' lang='lat' dir='ltr'>Ita</span> <span class='ocrx_word' id='word_1_188' title='bbox 1425 4171 1459 4248; x_wconf 90' lang='lat' dir='ltr'>iu</span> <span class='ocrx_word' id='word_1_189' title='bbox 1477 4193 1562 4248; x_wconf 81' lang='lat' dir='ltr'>mat·</span> 
     </span>
     <span class='ocr_line' id='line_1_26' title="bbox 494 4269 1160 4368; baseline 0.005 -27"><span class='ocrx_word' id='word_1_190' title='bbox 494 4307 519 4341; x_wconf 77' lang='lat' dir='ltr'>&gt;t</span> <span class='ocrx_word' id='word_1_191' title='bbox 537 4284 616 4334; x_wconf 84' lang='lat' dir='ltr'>cum</span> <span class='ocrx_word' id='word_1_192' title='bbox 636 4269 789 4361; x_wconf 83' lang='lat' dir='ltr'>attigerit</span> <span class='ocrx_word' id='word_1_193' title='bbox 817 4321 828 4354; x_wconf 92' lang='lat'>,</span> <span class='ocrx_word' id='word_1_194' title='bbox 859 4272 1001 4344; x_wconf 88' lang='lat' dir='ltr'>nimium</span> <span class='ocrx_word' id='word_1_195' title='bbox 1056 4271 1160 4368; x_wconf 74' lang='lat' dir='ltr'>gine.</span> 
     </span>
    </p>

    <p class='ocr_par' dir='ltr' id='par_1_6' title="bbox 492 4358 1000 4457">
     <span class='ocr_line' id='line_1_27' title="bbox 492 4358 1000 4457; baseline 0.006 -18"><span class='ocrx_word' id='word_1_196' title='bbox 492 4358 684 4441; x_wconf 72' lang='lat' dir='ltr'>„calorem</span> <span class='ocrx_word' id='word_1_197' title='bbox 714 4372 843 4443; x_wconf 85' lang='lat' dir='ltr'>mundo</span> <span class='ocrx_word' id='word_1_198' title='bbox 864 4371 1000 4457; x_wconf 83' lang='lat' dir='ltr'>reddit,</span> 
     </span>
    </p>
   </div>
   <div class='ocr_carea' id='block_1_5' title="bbox 0 0 2146 6125">
    <p class='ocr_par' dir='ltr' id='par_1_7' title="bbox 0 0 2146 6125">
     <span class='ocr_line' id='line_1_28' title="bbox 0 0 2146 6125; baseline 0 10"><span class='ocrx_word' id='word_1_199' title='bbox 0 0 2146 6125; x_wconf 95' lang='lat' dir='ltr'> </span> 
     </span>
    </p>
   </div>
  </div>
 </body>
</html>
