4284 6125
589 1450 673 1534 144
817 1421 1080 1495 orvruortunr
1110 1412 1391 1481 orsscronunr

577 1596 609 1637 „
639 1527 918 1643 ptizavetint,
945 1548 987 1605 se
1009 1515 1170 1601 nescire
1190 1510 1481 1623 profitentur:
1515 1510 1630 1599 unde

575 1708 605 1749 ,‚
637 1644 836 1749 quoniam
855 1637 1041 1751 quolibet
1056 1632 1181 1715 modo
1209 1627 1387 1716 formam
1401 1626 1631 1743 Baptismu-

570 1821 600 1863 „
632 1758 685 1839 tis
703 1748 1218 1872 acceperunt,baptizandi
1234 1778 1321 1835 non
1342 1752 1533 1846 sunt,sed
1551 1778 1629 1865 per

567 1934 598 1976 „
630 1900 777 1964 manus
823 1867 1142 1984 impositionem
1183 1869 1387 1956 virtutem
1437 1866 1627 1982 Spiritus

565 2053 597 2097 „
629 1990 805 2089 Sancti,
839 2016 961 2100 quam
977 1988 1028 2070 ab
1049 1988 1277 2077 Haereticis
1306 1986 1501 2099 accipere
1538 2018 1627 2075 non

546 2156 596 2214 ·„
628 2128 888 2225 potnerunt,
920 2104 1157 2195 Cathoiicis
1193 2107 1418 2224 copulandi
1438 2129 1537 2193 sunt
1556 2167 1589 2207 ‚,
1609 2174 1621 2196 .

559 2236 662 2318 Item
691 2221 1032 2345 idemipse(1).
1055 2287 1087 2327 ,,
1118 2227 1229 2313 Nam
1262 2230 1303 2311 hi
1326 2287 1340 2324 ,
1372 2225 1444 2340 qui
1466 2226 1626 2339 Baptis-

558 2411 591 2453 „
622 2370 731 2429 mum
767 2342 817 2425 ab
837 2342 1064 2432 Haereticis
1100 2370 1392 2462 acceperunt,
1425 2373 1520 2431 cum
1557 2349 1626 2433 ba·

558 2526 590 2570 „
620 2457 766 2591 ptizati
784 2486 902 2549 antea
924 2490 1011 2550 non
1028 2462 1207 2553 fuissent
1228 2526 1242 2565 ,
1261 2463 1347 2553 sola
1369 2460 1511 2550 Sancti
1531 2463 1626 2579 Spi-

555 2577 712 2687 „ritus
747 2581 1023 2670 rovocatione
1064 2615 1140 2699 per
1178 2580 1502 2700 impositionem
1543 2613 1625 2671 rna·

552 2760 586 2801 „
618 2724 746 2782 nuum
764 2702 1041 2790 confirmandi
1059 2730 1156 2792 suot
1175 2764 1189 2802 ,
1220 2706 1319 2821 quia
1338 2701 1516 2786 formam
1539 2726 1627 2789 tart·

551 2874 587 2917 „
619 2838 709 2901 turn
747 2818 945 2934 Baptismi
980 2883 994 2922 ,
1039 2825 1131 2911 sine
1167 2824 1316 2917 Sancti,
1348 2818 1535 2935 Spiritus
1552 2822 1628 2939 (2)

546 2991 583 3034 „
616 2933 777 3027 virtute
810 2969 1111 3055 sumpserunt.
1143 2946 1199 3027 Et
1219 2945 1322 3030 hanc
1344 2939 1526 3058 regulam
1544 2940 1565 3056 (
1581 2964 1627 3025 nt

547 3112 581 3188 ,3
616 3052 778 3175 scitis)
812 3062 1061 3147 servandam
1098 3062 1142 3150 in
1183 3061 1380 3148 omnibus
1427 3057 1625 3147 Ecclesiis

545 3229 580 3271 υ
614 3178 891 3291 praedicamus
923 3213 936 3282 ;
974 3206 1018 3266 ut
1050 3180 1261 3269 lavacrum
1309 3181 1437 3268 semei
1470 3177 1626 3264 initum

543 3351 578 3402 ,‚
611 3299 717 3385 nulia
736 3297 965 3385 iteratione
988 3299 1172 3388 violetur
1198 3361 1212 3399 ,
1243 3302 1414 3389 dicente
1433 3296 1627 3411 Aposto-

544 3467 580 3513 η
610 3417 683 3503 lo:
720 3420 837 3504 Unus
857 3420 1004 3518 Deus,
1037 3453 1120 3508 uno
1149 3421 1306 3521 Fides,
1341 3449 1468 3506 unum
1487 3418 1626 3532 Bapti-

544 3549 580 3633 ,',
609 3567 731 3635 stoa,
768 3535 885 3648 cujus
914 3538 1077 3628 ablutio
1096 3541 1204 3628 nulla
1223 3540 1458 3628 iteratione
1493 3563 1626 3622 teme·

544 3707 578 3750 2,
610 3657 736 3739 tanda
758 3679 856 3755 est,
886 3657 998 3774 sed(
1024 3685 1069 3744 ut
1088 3660 1268 3747 diximus
1287 3659 1309 3774 )
1329 3658 1416 3743 sola
1443 3653 1626 3740 sanctifi·

546 3826 579 3870 2,
610 3772 723 3859 catio
756 3773 897 3862 Sancti
938 3774 1124 3890 Spiritus
1160 3777 1405 3862 innovanda
1431 3772 1539 3888 (3);
1573 3798 1622 3859 ut

546 3917 578 3989 n·
612 3893 726 4004 quod
745 3896 795 3979 ab
815 3893 1040 3983 Haereticis
1062 3923 1190 3985 nemo
1206 3893 1379 4010 accipit,
1394 3922 1415 3978 a
1430 3892 1620 3978 Catholi-

544 4065 577 4107 ’s
611 4011 670 4098 cis
690 4012 991 4104 Sacerdotibus
1008 4040 1290 4134 consequatur
1308 4078 1360 4118 „.
1384 4011 1486 4100 Sive
1506 4007 1625 4097 enim

545 4124 817 4235 Haereticus,
849 4137 940 4224 sive
960 4133 1299 4238 schismaticus,
1333 4137 1424 4223 sive
1455 4128 1619 4216 facino·

544 4273 665 4336 tosus
694 4253 872 4364 quisque
890 4255 935 4339 in
961 4253 1221 4341 confessione
1241 4254 1412 4338 Sanctae
1427 4242 1617 4330 Trinita-

542 4364 889 4486 ‚tisbaptizetuu
922 4395 1010 4455 nou
1028 4373 1140 4456 vaiet
1158 4369 1253 4464 itte,
1286 4365 1358 4484 qui
1380 4360 1617 4478 baptizatus

1548 4509 1614 4570 est

533 4677 621 4780 .“‘(r)
635 4687 730 4762 idem
749 4687 783 4760 S.
799 4689 868 4762 Leo
883 4692 990 4788 Epist.
1008 4693 1050 4764 ad
1099 4691 1316 4767 absarensis
1332 4688 1544 4777 T.cit.col.13
1553 4708 1611 4784 34.

543 4783 703 4874 Nicetam
719 4789 925 4885 Episcopum
943 4792 1048 4888 Aqui·
1123 4801 1178 4887 (ι)
1194 4794 1301 4867 &Leo
1316 4788 1446 4863 loccis.
1459 4789 1528 4856 sine
1540 4810 1612 4857 sam

540 4879 699 4965 reiensem
714 4890 913 4985 cap.vrl.De
928 4892 978 4966 his
991 4894 1052 4991 qui
1101 4889 1313 4981 crificationir
1325 4893 1453 4964 virtute
1468 4936 1478 4956 .

551 4985 635 5059 smel
659 4985 823 5092 baptizati
848 5012 926 5071 sunt
953 5045 965 5077 ‚
991 4995 1050 5066 sed
1123 5003 1176 5092 (3)
1192 4992 1280 5067 lbid.
1297 4989 1483 5067 invocanda
1498 4997 1571 5079 esta
