<?xml version="1.0" encoding="UTF-8"?>
<!DOCTYPE html PUBLIC "-//W3C//DTD XHTML 1.0 Transitional//EN"
    "http://www.w3.org/TR/xhtml1/DTD/xhtml1-transitional.dtd">
<html xmlns="http://www.w3.org/1999/xhtml" xml:lang="en" lang="en">
 <head>
  <title>
</title>
<meta http-equiv="Content-Type" content="text/html;charset=utf-8" />
  <meta name='ocr-system' content='tesseract 3.04.00' />
  <meta name='ocr-capabilities' content='ocr_page ocr_carea ocr_par ocr_line ocrx_word'/>
</head>
<body>
  <div class='ocr_page' id='page_1' title='image "./ssecclesirituum00unkngoog_0457.png"; bbox 0 0 4284 6125; ppageno 0'>
   <div class='ocr_carea' id='block_1_1' title="bbox 582 1390 1650 1746">
    <p class='ocr_par' dir='ltr' id='par_1_1' title="bbox 582 1390 1650 1746">
     <span class='ocr_line' id='line_1_1' title="bbox 585 1390 1411 1489; baseline -0.041 1"><span class='ocrx_word' id='word_1_1' title='bbox 585 1394 675 1489; x_wconf 75' lang='lat'>4³4</span> <span class='ocrx_word' id='word_1_2' title='bbox 832 1390 1101 1461; x_wconf 77' lang='lat' dir='ltr'>mussonuns</span> <span class='ocrx_word' id='word_1_3' title='bbox 1124 1390 1411 1463; x_wconf 79' lang='lat' dir='ltr'>osmutossuss</span> 
     </span>
     <span class='ocr_line' id='line_1_2' title="bbox 584 1484 1650 1609; baseline -0.008 -32"><span class='ocrx_word' id='word_1_4' title='bbox 584 1484 879 1604; x_wconf 76' lang='lat' dir='ltr'>designandam</span> <span class='ocrx_word' id='word_1_5' title='bbox 911 1488 1143 1609; x_wconf 80' lang='lat' dir='ltr'>versiculus</span> <span class='ocrx_word' id='word_1_6' title='bbox 1159 1490 1244 1579; x_wconf 91' lang='lat' dir='ltr'>istc</span> <span class='ocrx_word' id='word_1_7' title='bbox 1270 1512 1493 1607; x_wconf 70' lang='lat' dir='ltr'>sculpens</span> <span class='ocrx_word' id='word_1_8' title='bbox 1513 1516 1650 1609; x_wconf 74' lang='lat' dir='ltr'>puero</span> 
     </span>
     <span class='ocr_line' id='line_1_3' title="bbox 582 1608 1373 1746; baseline -0.025 -51"><span class='ocrx_word' id='word_1_9' title='bbox 582 1630 649 1699; x_wconf 88' lang='grc' dir='ltr'>εει</span> <span class='ocrx_word' id='word_1_10' title='bbox 675 1613 904 1746; x_wconf 74' lang='lat' dir='ltr'>eemundus</span> <span class='ocrx_word' id='word_1_11' title='bbox 926 1608 1031 1725; x_wconf 86' lang='lat'><em>(1).</em></span> <span class='ocrx_word' id='word_1_12' title='bbox 1370 1668 1373 1675; x_wconf 88' lang='lat'>.</span> 
     </span>
    </p>
   </div>
   <div class='ocr_carea' id='block_1_2' title="bbox 637 1782 1647 2051">
    <p class='ocr_par' dir='ltr' id='par_1_2' title="bbox 637 1782 1647 2051">
     <span class='ocr_line' id='line_1_4' title="bbox 894 1782 1647 1927; baseline 0.001 -50"><span class='ocrx_word' id='word_1_13' title='bbox 894 1782 1402 1927; x_wconf 24' lang='lat' dir='ltr'>CCXXXVHL·</span> <span class='ocrx_word' id='word_1_14' title='bbox 1644 1914 1647 1919; x_wconf 23' lang='grc' dir='ltr'>Ι</span> 
     </span>
     <span class='ocr_line' id='line_1_5' title="bbox 637 1926 1598 2051; baseline -0.002 -60"><span class='ocrx_word' id='word_1_15' title='bbox 637 1926 862 2015; x_wconf 76' lang='lat' dir='ltr'>onsmusn</span> <span class='ocrx_word' id='word_1_16' title='bbox 892 1926 1174 1995; x_wconf 78' lang='lat' dir='ltr'>csnusnuuss</span> <span class='ocrx_word' id='word_1_17' title='bbox 1203 1932 1356 2051; x_wconf 56' lang='lat' dir='ltr'>siuns</span> <span class='ocrx_word' id='word_1_18' title='bbox 1381 1926 1598 1997; x_wconf 75' lang='lat' dir='ltr'>secuntus</span> 
     </span>
    </p>
   </div>
   <div class='ocr_carea' id='block_1_3' title="bbox 582 2081 1654 3990">
    <p class='ocr_par' dir='ltr' id='par_1_3' title="bbox 582 2081 1654 3990">
     <span class='ocr_line' id='line_1_6' title="bbox 687 2081 1651 2183; baseline -0.004 -12"><span class='ocrx_word' id='word_1_19' title='bbox 687 2081 754 2171; x_wconf 85' lang='lat' dir='ltr'>Fit</span> <span class='ocrx_word' id='word_1_20' title='bbox 774 2082 888 2175; x_wconf 90' lang='lat' dir='ltr'>enim</span> <span class='ocrx_word' id='word_1_21' title='bbox 905 2082 949 2173; x_wconf 93' lang='lat' dir='ltr'>in</span> <span class='ocrx_word' id='word_1_22' title='bbox 967 2082 1153 2176; x_wconf 73' lang='lat' dir='ltr'>Ecclesia</span> <span class='ocrx_word' id='word_1_23' title='bbox 1165 2083 1361 2181; x_wconf 72' lang='lat' dir='ltr'>dicessus</span> <span class='ocrx_word' id='word_1_24' title='bbox 1379 2108 1527 2173; x_wconf 80' lang='lat' dir='ltr'>centus</span> <span class='ocrx_word' id='word_1_25' title='bbox 1548 2138 1565 2183; x_wconf 83' lang='lat'><strong>‚</strong></span> <span class='ocrx_word' id='word_1_26' title='bbox 1588 2081 1651 2168; x_wconf 86' lang='lat' dir='ltr'>vi·</span> 
     </span>
     <span class='ocr_line' id='line_1_7' title="bbox 582 2198 1651 2311; baseline -0.002 -22"><span class='ocrx_word' id='word_1_27' title='bbox 582 2198 738 2293; x_wconf 81' lang='lat' dir='ltr'>delicet</span> <span class='ocrx_word' id='word_1_28' title='bbox 755 2226 901 2293; x_wconf 83' lang='lat' dir='ltr'>cantus</span> <span class='ocrx_word' id='word_1_29' title='bbox 918 2204 1035 2305; x_wconf 87' lang='lat' dir='ltr'>Dei,</span> <span class='ocrx_word' id='word_1_30' title='bbox 1064 2228 1109 2291; x_wconf 90' lang='lat' dir='ltr'>et</span> <span class='ocrx_word' id='word_1_31' title='bbox 1138 2228 1293 2293; x_wconf 78' lang='lat' dir='ltr'>centus</span> <span class='ocrx_word' id='word_1_32' title='bbox 1314 2202 1506 2311; x_wconf 86' lang='lat' dir='ltr'>disboli.</span> <span class='ocrx_word' id='word_1_33' title='bbox 1538 2198 1651 2293; x_wconf 75' lang='lat' dir='ltr'>Can·</span> 
     </span>
     <span class='ocr_line' id='line_1_8' title="bbox 584 2319 1651 2443; baseline -0.002 -36"><span class='ocrx_word' id='word_1_34' title='bbox 584 2344 653 2411; x_wconf 91' lang='lat' dir='ltr'>tus</span> <span class='ocrx_word' id='word_1_35' title='bbox 669 2319 754 2409; x_wconf 90' lang='lat' dir='ltr'>Dei</span> <span class='ocrx_word' id='word_1_36' title='bbox 772 2346 834 2410; x_wconf 93' lang='grc' dir='ltr'>εει</span> <span class='ocrx_word' id='word_1_37' title='bbox 851 2322 1027 2413; x_wconf 78' lang='lat' dir='ltr'>chorites</span> <span class='ocrx_word' id='word_1_38' title='bbox 1048 2383 1060 2409; x_wconf 86' lang='lat'><strong>.</strong></span> <span class='ocrx_word' id='word_1_39' title='bbox 1093 2321 1182 2443; x_wconf 81' lang='lat' dir='ltr'>Qui</span> <span class='ocrx_word' id='word_1_40' title='bbox 1193 2322 1246 2413; x_wconf 88' lang='lat' dir='ltr'>in</span> <span class='ocrx_word' id='word_1_41' title='bbox 1258 2320 1332 2411; x_wconf 77' lang='lat' dir='ltr'>nli</span> <span class='ocrx_word' id='word_1_42' title='bbox 1349 2347 1478 2413; x_wconf 77' lang='lat' dir='ltr'>centu</span> <span class='ocrx_word' id='word_1_43' title='bbox 1493 2343 1651 2421; x_wconf 76' lang='lat' dir='ltr'>cantat,</span> 
     </span>
     <span class='ocr_line' id='line_1_9' title="bbox 583 2440 1649 2560; baseline 0 -31"><span class='ocrx_word' id='word_1_44' title='bbox 583 2441 756 2531; x_wconf 74' lang='lat' dir='ltr'>exaudit</span> <span class='ocrx_word' id='word_1_45' title='bbox 789 2442 865 2560; x_wconf 81' lang='lat' dir='ltr'>(c)</span> <span class='ocrx_word' id='word_1_46' title='bbox 893 2472 989 2529; x_wconf 87' lang='lat' dir='ltr'>eum</span> <span class='ocrx_word' id='word_1_47' title='bbox 1026 2440 1226 2531; x_wconf 86' lang='lat' dir='ltr'>Dominus</span> <span class='ocrx_word' id='word_1_48' title='bbox 1254 2444 1307 2529; x_wconf 79' lang='lat' dir='ltr'>ds</span> <span class='ocrx_word' id='word_1_49' title='bbox 1332 2462 1470 2529; x_wconf 76' lang='lat' dir='ltr'>monte</span> <span class='ocrx_word' id='word_1_50' title='bbox 1508 2460 1649 2529; x_wconf 77' lang='lat' dir='ltr'>cuncto</span> 
     </span>
     <span class='ocr_line' id='line_1_10' title="bbox 583 2556 1652 2677; baseline -0.002 -30"><span class='ocrx_word' id='word_1_51' title='bbox 583 2589 692 2649; x_wconf 80' lang='lat' dir='ltr'>suos</span> <span class='ocrx_word' id='word_1_52' title='bbox 724 2558 844 2649; x_wconf 81' lang='lat' dir='ltr'>Nihil</span> <span class='ocrx_word' id='word_1_53' title='bbox 874 2560 987 2649; x_wconf 86' lang='lat' dir='ltr'>snim</span> <span class='ocrx_word' id='word_1_54' title='bbox 1011 2562 1186 2677; x_wconf 83' lang='lat' dir='ltr'>prodest</span> <span class='ocrx_word' id='word_1_55' title='bbox 1202 2558 1379 2653; x_wconf 83' lang='lat' dir='ltr'>dulcedo</span> <span class='ocrx_word' id='word_1_56' title='bbox 1410 2556 1533 2647; x_wconf 87' lang='lat' dir='ltr'>vocis</span> <span class='ocrx_word' id='word_1_57' title='bbox 1560 2556 1652 2663; x_wconf 79' lang='lat' dir='ltr'>sinc</span> 
     </span>
     <span class='ocr_line' id='line_1_11' title="bbox 584 2674 1654 2791; baseline -0.001 -28"><span class='ocrx_word' id='word_1_58' title='bbox 584 2678 811 2767; x_wconf 86' lang='lat' dir='ltr'>dulcedine</span> <span class='ocrx_word' id='word_1_59' title='bbox 827 2678 1009 2769; x_wconf 88' lang='lat' dir='ltr'>mentis.</span> <span class='ocrx_word' id='word_1_60' title='bbox 1043 2678 1207 2771; x_wconf 82' lang='lat' dir='ltr'>Cantus</span> <span class='ocrx_word' id='word_1_61' title='bbox 1233 2674 1387 2767; x_wconf 75' lang='lat' dir='ltr'>diaboli</span> <span class='ocrx_word' id='word_1_62' title='bbox 1403 2698 1468 2767; x_wconf 89' lang='grc' dir='ltr'>εει</span> <span class='ocrx_word' id='word_1_63' title='bbox 1483 2675 1654 2791; x_wconf 85' lang='lat' dir='ltr'>cupidi·</span> 
     </span>
     <span class='ocr_line' id='line_1_12' title="bbox 583 2794 1649 2914; baseline 0.004 -33"><span class='ocrx_word' id='word_1_64' title='bbox 583 2820 648 2883; x_wconf 80' lang='lat' dir='ltr'>tus</span> <span class='ocrx_word' id='word_1_65' title='bbox 667 2858 678 2881; x_wconf 87' lang='lat'><strong>.</strong></span> <span class='ocrx_word' id='word_1_66' title='bbox 714 2796 875 2885; x_wconf 76' lang='lat' dir='ltr'>Cantus</span> <span class='ocrx_word' id='word_1_67' title='bbox 894 2794 1227 2914; x_wconf 84' lang='lat' dir='ltr'>qsimi&#39;homiuis</span> <span class='ocrx_word' id='word_1_68' title='bbox 1239 2796 1430 2909; x_wconf 70' lang='lat' dir='ltr'>voluptas</span> <span class='ocrx_word' id='word_1_69' title='bbox 1449 2852 1468 2895; x_wconf 87' lang='lat'>,</span> <span class='ocrx_word' id='word_1_70' title='bbox 1496 2811 1649 2885; x_wconf 79' lang='lat' dir='ltr'>cantus</span> 
     </span>
     <span class='ocr_line' id='line_1_13' title="bbox 582 2909 1647 3007; baseline -0.001 -8"><span class='ocrx_word' id='word_1_71' title='bbox 582 2914 759 3001; x_wconf 86' lang='lat' dir='ltr'>secundi</span> <span class='ocrx_word' id='word_1_72' title='bbox 789 2918 996 3005; x_wconf 78' lang='lat' dir='ltr'>charites.</span> <span class='ocrx_word' id='word_1_73' title='bbox 1031 2921 1079 3005; x_wconf 86' lang='lat' dir='ltr'>ln</span> <span class='ocrx_word' id='word_1_74' title='bbox 1115 2939 1242 3007; x_wconf 77' lang='lat' dir='ltr'>centu</span> <span class='ocrx_word' id='word_1_75' title='bbox 1266 2909 1422 3001; x_wconf 73' lang='lat' dir='ltr'>diaboli</span> <span class='ocrx_word' id='word_1_76' title='bbox 1444 2934 1542 3000; x_wconf 88' lang='lat' dir='ltr'>sunt</span> <span class='ocrx_word' id='word_1_77' title='bbox 1561 2936 1647 2998; x_wconf 87' lang='grc' dir='ltr'><strong>ιιεε</strong></span> 
     </span>
     <span class='ocr_line' id='line_1_14' title="bbox 583 3028 1649 3151; baseline 0.001 -34"><span class='ocrx_word' id='word_1_78' title='bbox 583 3030 701 3120; x_wconf 73' lang='lat' dir='ltr'>islsae</span> <span class='ocrx_word' id='word_1_79' title='bbox 719 3062 883 3139; x_wconf 87' lang='lat' dir='ltr'>voces;</span> <span class='ocrx_word' id='word_1_80' title='bbox 911 3057 956 3122; x_wconf 90' lang='lat' dir='ltr'>et</span> <span class='ocrx_word' id='word_1_81' title='bbox 979 3036 1025 3126; x_wconf 90' lang='lat' dir='ltr'>in</span> <span class='ocrx_word' id='word_1_82' title='bbox 1042 3061 1169 3126; x_wconf 86' lang='lat' dir='ltr'>cautu</span> <span class='ocrx_word' id='word_1_83' title='bbox 1197 3029 1321 3151; x_wconf 72' lang='lat' dir='ltr'>primi</span> <span class='ocrx_word' id='word_1_84' title='bbox 1348 3028 1532 3122; x_wconf 84' lang='lat' dir='ltr'>bominis</span> <span class='ocrx_word' id='word_1_85' title='bbox 1563 3052 1649 3118; x_wconf 83' lang='lat' dir='ltr'>tres</span> 
     </span>
     <span class='ocr_line' id='line_1_15' title="bbox 583 3149 1653 3255; baseline 0 -17"><span class='ocrx_word' id='word_1_86' title='bbox 583 3149 811 3255; x_wconf 78' lang='lat' dir='ltr'>dissonus,</span> <span class='ocrx_word' id='word_1_87' title='bbox 841 3179 884 3242; x_wconf 90' lang='grc' dir='ltr'><strong>ει</strong></span> <span class='ocrx_word' id='word_1_88' title='bbox 899 3154 1116 3246; x_wconf 77' lang='lat' dir='ltr'>discordes</span> <span class='ocrx_word' id='word_1_89' title='bbox 1137 3220 1148 3241; x_wconf 90' lang='lat'><strong>.</strong></span> <span class='ocrx_word' id='word_1_90' title='bbox 1169 3159 1227 3241; x_wconf 78' lang='lat' dir='ltr'>‘ln</span> <span class='ocrx_word' id='word_1_91' title='bbox 1250 3175 1372 3242; x_wconf 84' lang='lat' dir='ltr'>cantu</span> <span class='ocrx_word' id='word_1_92' title='bbox 1389 3150 1548 3238; x_wconf 83' lang='lat' dir='ltr'>etenim</span> <span class='ocrx_word' id='word_1_93' title='bbox 1566 3150 1653 3238; x_wconf 81' lang='lat' dir='ltr'>dia·</span> 
     </span>
     <span class='ocr_line' id='line_1_16' title="bbox 586 3270 1653 3385; baseline -0.005 -27"><span class='ocrx_word' id='word_1_94' title='bbox 586 3270 679 3359; x_wconf 88' lang='lat' dir='ltr'>boli</span> <span class='ocrx_word' id='word_1_95' title='bbox 710 3272 846 3385; x_wconf 86' lang='lat' dir='ltr'>prima</span> <span class='ocrx_word' id='word_1_96' title='bbox 863 3303 947 3362; x_wconf 83' lang='lat' dir='ltr'>vox</span> <span class='ocrx_word' id='word_1_97' title='bbox 963 3300 1026 3364; x_wconf 88' lang='grc' dir='ltr'>εει</span> <span class='ocrx_word' id='word_1_98' title='bbox 1046 3272 1242 3362; x_wconf 84' lang='lat' dir='ltr'>elationis</span> <span class='ocrx_word' id='word_1_99' title='bbox 1260 3329 1276 3374; x_wconf 88' lang='lat'><strong>,</strong></span> <span class='ocrx_word' id='word_1_100' title='bbox 1306 3272 1489 3360; x_wconf 82' lang='lat' dir='ltr'>secunda</span> <span class='ocrx_word' id='word_1_101' title='bbox 1507 3297 1653 3385; x_wconf 78' lang='lat' dir='ltr'>sugge-</span> 
     </span>
     <span class='ocr_line' id='line_1_17' title="bbox 587 3386 1651 3509; baseline -0.002 -36"><span class='ocrx_word' id='word_1_102' title='bbox 587 3387 742 3482; x_wconf 84' lang='lat' dir='ltr'>stionis</span> <span class='ocrx_word' id='word_1_103' title='bbox 761 3452 775 3490; x_wconf 90' lang='lat'>‚</span> <span class='ocrx_word' id='word_1_104' title='bbox 806 3394 934 3482; x_wconf 79' lang='lat' dir='ltr'>testis</span> <span class='ocrx_word' id='word_1_105' title='bbox 951 3391 1259 3509; x_wconf 74' lang='lat' dir='ltr'>desperationis</span> <span class='ocrx_word' id='word_1_106' title='bbox 1278 3451 1290 3474; x_wconf 88' lang='lat'><strong>.</strong></span> <span class='ocrx_word' id='word_1_107' title='bbox 1320 3386 1526 3478; x_wconf 76' lang='lat' dir='ltr'>Similiter</span> <span class='ocrx_word' id='word_1_108' title='bbox 1545 3417 1586 3472; x_wconf 87' lang='grc' dir='ltr'><strong>ει</strong></span> <span class='ocrx_word' id='word_1_109' title='bbox 1606 3386 1651 3473; x_wconf 93' lang='lat' dir='ltr'>in</span> 
     </span>
     <span class='ocr_line' id='line_1_18' title="bbox 587 3505 1652 3630; baseline 0 -36"><span class='ocrx_word' id='word_1_110' title='bbox 587 3532 716 3595; x_wconf 82' lang='lat' dir='ltr'>cantu</span> <span class='ocrx_word' id='word_1_111' title='bbox 733 3513 859 3621; x_wconf 81' lang='lat' dir='ltr'>primi</span> <span class='ocrx_word' id='word_1_112' title='bbox 888 3515 1070 3601; x_wconf 86' lang='lat' dir='ltr'>bominis</span> <span class='ocrx_word' id='word_1_113' title='bbox 1090 3570 1105 3613; x_wconf 88' lang='lat'><strong>,</strong></span> <span class='ocrx_word' id='word_1_114' title='bbox 1135 3511 1270 3630; x_wconf 79' lang='lat' dir='ltr'>prims</span> <span class='ocrx_word' id='word_1_115' title='bbox 1287 3538 1374 3598; x_wconf 82' lang='lat' dir='ltr'>vox</span> <span class='ocrx_word' id='word_1_116' title='bbox 1393 3530 1458 3596; x_wconf 87' lang='lat' dir='ltr'>est</span> <span class='ocrx_word' id='word_1_117' title='bbox 1474 3505 1652 3594; x_wconf 82' lang='lat' dir='ltr'>delectu·</span> 
     </span>
     <span class='ocr_line' id='line_1_19' title="bbox 584 3622 1648 3732; baseline -0.002 -23"><span class='ocrx_word' id='word_1_118' title='bbox 584 3622 653 3709; x_wconf 82' lang='lat' dir='ltr'>tid</span> <span class='ocrx_word' id='word_1_119' title='bbox 682 3685 698 3721; x_wconf 88' lang='lat'>‚</span> <span class='ocrx_word' id='word_1_120' title='bbox 726 3631 907 3717; x_wconf 82' lang='lat' dir='ltr'>secunda</span> <span class='ocrx_word' id='word_1_121' title='bbox 940 3661 1170 3721; x_wconf 75' lang='lat' dir='ltr'>consensus</span> <span class='ocrx_word' id='word_1_122' title='bbox 1201 3687 1217 3732; x_wconf 88' lang='lat'><strong>,</strong></span> <span class='ocrx_word' id='word_1_123' title='bbox 1247 3627 1371 3716; x_wconf 84' lang='lat' dir='ltr'>testis</span> <span class='ocrx_word' id='word_1_124' title='bbox 1403 3622 1648 3714; x_wconf 86' lang='lat' dir='ltr'>excusatio.</span> 
     </span>
     <span class='ocr_line' id='line_1_20' title="bbox 587 3739 1654 3861; baseline -0.001 -32"><span class='ocrx_word' id='word_1_125' title='bbox 587 3739 760 3829; x_wconf 83' lang='lat' dir='ltr'>Musica</span> <span class='ocrx_word' id='word_1_126' title='bbox 787 3775 963 3861; x_wconf 84' lang='lat' dir='ltr'>namque</span> <span class='ocrx_word' id='word_1_127' title='bbox 979 3751 1138 3839; x_wconf 84' lang='lat' dir='ltr'>diaboii</span> <span class='ocrx_word' id='word_1_128' title='bbox 1156 3753 1208 3838; x_wconf 84' lang='lat' dir='ltr'>ab</span> <span class='ocrx_word' id='word_1_129' title='bbox 1228 3745 1370 3836; x_wconf 77' lang='lat' dir='ltr'>altiori</span> <span class='ocrx_word' id='word_1_130' title='bbox 1387 3773 1496 3832; x_wconf 84' lang='lat' dir='ltr'>voce</span> <span class='ocrx_word' id='word_1_131' title='bbox 1513 3765 1654 3846; x_wconf 80' lang='lat' dir='ltr'>cantu·</span> 
     </span>
     <span class='ocr_line' id='line_1_21' title="bbox 587 3860 1651 3990; baseline 0.003 -45"><span class='ocrx_word' id='word_1_132' title='bbox 587 3887 638 3946; x_wconf 82' lang='lat' dir='ltr'>tc</span> <span class='ocrx_word' id='word_1_133' title='bbox 655 3860 819 3975; x_wconf 84' lang='lat' dir='ltr'>coepit:</span> <span class='ocrx_word' id='word_1_134' title='bbox 851 3870 1004 3958; x_wconf 83' lang='lat' dir='ltr'>Ponam</span> <span class='ocrx_word' id='word_1_135' title='bbox 1034 3873 1143 3990; x_wconf 83' lang='lat'>(3),</span> <span class='ocrx_word' id='word_1_136' title='bbox 1171 3866 1348 3990; x_wconf 87' lang='lat' dir='ltr'>inquit,</span> <span class='ocrx_word' id='word_1_137' title='bbox 1370 3867 1502 3954; x_wconf 83' lang='lat' dir='ltr'>sedem</span> <span class='ocrx_word' id='word_1_138' title='bbox 1522 3890 1651 3952; x_wconf 86' lang='lat' dir='ltr'>means</span> 
     </span>
    </p>
   </div>
   <div class='ocr_carea' id='block_1_4' title="bbox 588 4067 1659 5039">
    <p class='ocr_par' dir='ltr' id='par_1_4' title="bbox 588 4067 1659 5039">
     <span class='ocr_line' id='line_1_22' title="bbox 633 4067 1658 4170; baseline 0.016 -34"><span class='ocrx_word' id='word_1_139' title='bbox 633 4070 688 4154; x_wconf 89' lang='lat'>(1)</span> <span class='ocrx_word' id='word_1_140' title='bbox 714 4067 772 4139; x_wconf 89' lang='lat' dir='ltr'>Dc</span> <span class='ocrx_word' id='word_1_141' title='bbox 804 4070 936 4147; x_wconf 89' lang='lat' dir='ltr'>Divino</span> <span class='ocrx_word' id='word_1_142' title='bbox 971 4078 1099 4151; x_wconf 87' lang='lat' dir='ltr'>Officio</span> <span class='ocrx_word' id='word_1_143' title='bbox 1179 4083 1233 4170; x_wconf 89' lang='lat'>(2)</span> <span class='ocrx_word' id='word_1_144' title='bbox 1250 4067 1658 4169; x_wconf 68' lang='lat' dir='ltr'>Resplcltanvsslmln·</span> 
     </span>
     <span class='ocr_line' id='line_1_23' title="bbox 589 4163 1658 4257; baseline 0.016 -21"><span class='ocrx_word' id='word_1_145' title='bbox 589 4163 725 4236; x_wconf 84' lang='lat' dir='ltr'>consuli</span> <span class='ocrx_word' id='word_1_146' title='bbox 753 4188 890 4257; x_wconf 86' lang='lat' dir='ltr'>possunt</span> <span class='ocrx_word' id='word_1_147' title='bbox 907 4173 1097 4248; x_wconf 78' lang='lat' dir='ltr'>cardinalis</span> <span class='ocrx_word' id='word_1_148' title='bbox 1152 4175 1337 4251; x_wconf 78' lang='lat' dir='ltr'>Excudivls</span> <span class='ocrx_word' id='word_1_149' title='bbox 1373 4192 1423 4247; x_wconf 70' lang='lat' dir='ltr'>ne</span> <span class='ocrx_word' id='word_1_150' title='bbox 1466 4166 1505 4238; x_wconf 64' lang='lat' dir='ltr'>de</span> <span class='ocrx_word' id='word_1_151' title='bbox 1540 4177 1658 4240; x_wconf 56' lang='grc' dir='ltr'>ΜΨ</span> 
     </span>
     <span class='ocr_line' id='line_1_24' title="bbox 588 4260 1370 4354; baseline 0.017 -27"><span class='ocrx_word' id='word_1_152' title='bbox 588 4260 688 4338; x_wconf 80' lang='lat' dir='ltr'>Bona</span> <span class='ocrx_word' id='word_1_153' title='bbox 701 4263 739 4331; x_wconf 84' lang='lat' dir='ltr'>de</span> <span class='ocrx_word' id='word_1_154' title='bbox 754 4265 879 4336; x_wconf 84' lang='lat' dir='ltr'>Divina</span> <span class='ocrx_word' id='word_1_155' title='bbox 895 4269 1098 4354; x_wconf 74' lang='lat' dir='ltr'>Psalmudis,</span> <span class='ocrx_word' id='word_1_156' title='bbox 1144 4287 1261 4346; x_wconf 76' lang='lat' dir='ltr'>¹sancto</span> <span class='ocrx_word' id='word_1_157' title='bbox 1272 4293 1331 4341; x_wconf 81' lang='lat' dir='ltr'>suo</span> <span class='ocrx_word' id='word_1_158' title='bbox 1343 4263 1370 4340; x_wconf 61' lang='lat'>.&gt;</span> 
     </span>
     <span class='ocr_line' id='line_1_25' title="bbox 591 4357 1655 4460; baseline 0.003 -31"><span class='ocrx_word' id='word_1_159' title='bbox 591 4357 783 4429; x_wconf 87' lang='lat' dir='ltr'>Mattcnius</span> <span class='ocrx_word' id='word_1_160' title='bbox 814 4361 846 4431; x_wconf 92' lang='lat' dir='ltr'>in</span> <span class='ocrx_word' id='word_1_161' title='bbox 873 4366 1031 4439; x_wconf 84' lang='lat' dir='ltr'>Tractatu</span> <span class='ocrx_word' id='word_1_162' title='bbox 1059 4371 1099 4439; x_wconf 84' lang='lat' dir='ltr'>de</span> <span class='ocrx_word' id='word_1_163' title='bbox 1175 4377 1229 4460; x_wconf 86' lang='lat'>(3)</span> <span class='ocrx_word' id='word_1_164' title='bbox 1244 4370 1310 4440; x_wconf 79' lang='lat' dir='ltr'>Iso.</span> <span class='ocrx_word' id='word_1_165' title='bbox 1324 4384 1488 4457; x_wconf 61' lang='lat' dir='ltr'>capmw.</span> <span class='ocrx_word' id='word_1_166' title='bbox 1514 4379 1655 4449; x_wconf 84' lang='lat' dir='ltr'>ver.13·</span> 
     </span>
     <span class='ocr_line' id='line_1_26' title="bbox 590 4454 1657 4560; baseline 0.007 -41"><span class='ocrx_word' id='word_1_167' title='bbox 590 4454 754 4551; x_wconf 62' lang='lat' dir='ltr'>Antiqua</span> <span class='ocrx_word' id='word_1_168' title='bbox 771 4459 921 4533; x_wconf 77' lang='lat' dir='ltr'>Ecclesiae</span> <span class='ocrx_word' id='word_1_169' title='bbox 943 4467 1099 4560; x_wconf 80' lang='lat' dir='ltr'>Discipls&#39;·</span> <span class='ocrx_word' id='word_1_170' title='bbox 1148 4490 1220 4558; x_wconf 85' lang='lat' dir='ltr'>seq.</span> <span class='ocrx_word' id='word_1_171' title='bbox 1237 4462 1356 4536; x_wconf 76' lang='lat' dir='ltr'>sedebo</span> <span class='ocrx_word' id='word_1_172' title='bbox 1373 4463 1408 4531; x_wconf 85' lang='lat' dir='ltr'>iss</span> <span class='ocrx_word' id='word_1_173' title='bbox 1421 4476 1529 4533; x_wconf 75' lang='lat' dir='ltr'>monte</span> <span class='ocrx_word' id='word_1_174' title='bbox 1544 4465 1657 4530; x_wconf 79' lang='lat' dir='ltr'>Testa·</span> 
     </span>
     <span class='ocr_line' id='line_1_27' title="bbox 591 4551 1658 4651; baseline 0.007 -33"><span class='ocrx_word' id='word_1_175' title='bbox 591 4570 636 4618; x_wconf 84' lang='lat' dir='ltr'>sss</span> <span class='ocrx_word' id='word_1_176' title='bbox 652 4551 686 4619; x_wconf 84' lang='lat' dir='ltr'>in</span> <span class='ocrx_word' id='word_1_177' title='bbox 702 4554 824 4625; x_wconf 81' lang='lat' dir='ltr'>divinis</span> <span class='ocrx_word' id='word_1_178' title='bbox 836 4557 1036 4633; x_wconf 77' lang='lat' dir='ltr'>celebrandis</span> <span class='ocrx_word' id='word_1_179' title='bbox 1047 4562 1099 4649; x_wconf 82' lang='lat' dir='ltr'>of·</span> <span class='ocrx_word' id='word_1_180' title='bbox 1147 4563 1263 4644; x_wconf 81' lang='lat' dir='ltr'>mensi,</span> <span class='ocrx_word' id='word_1_181' title='bbox 1276 4564 1310 4631; x_wconf 83' lang='lat' dir='ltr'>in</span> <span class='ocrx_word' id='word_1_182' title='bbox 1328 4556 1490 4630; x_wconf 60' lang='lat' dir='ltr'>uteribus</span> <span class='ocrx_word' id='word_1_183' title='bbox 1507 4556 1658 4651; x_wconf 74' lang='lat' dir='ltr'>‹Aquilo-</span> 
     </span>
     <span class='ocr_line' id='line_1_28' title="bbox 588 4639 1658 4758; baseline 0.011 -44"><span class='ocrx_word' id='word_1_184' title='bbox 588 4639 702 4758; x_wconf 71' lang='lat' dir='ltr'>liciis.</span> <span class='ocrx_word' id='word_1_185' title='bbox 718 4652 881 4726; x_wconf 84' lang='lat' dir='ltr'>Azevedo</span> <span class='ocrx_word' id='word_1_186' title='bbox 908 4656 941 4728; x_wconf 93' lang='lat' dir='ltr'>in</span> <span class='ocrx_word' id='word_1_187' title='bbox 956 4658 1096 4731; x_wconf 79' lang='lat' dir='ltr'>Exerci·</span> <span class='ocrx_word' id='word_1_188' title='bbox 1146 4656 1426 4734; x_wconf 45' lang='lat' dir='ltr'>inanescant</span> <span class='ocrx_word' id='word_1_189' title='bbox 1454 4669 1555 4752; x_wconf 79' lang='lat' dir='ltr'>super</span> <span class='ocrx_word' id='word_1_190' title='bbox 1578 4652 1658 4725; x_wconf 75' lang='lat' dir='ltr'>alti·</span> 
     </span>
     <span class='ocr_line' id='line_1_29' title="bbox 591 4744 1659 4843; baseline 0.015 -30"><span class='ocrx_word' id='word_1_191' title='bbox 591 4744 774 4817; x_wconf 69' lang='lat' dir='ltr'>titionibus</span> <span class='ocrx_word' id='word_1_192' title='bbox 789 4750 953 4824; x_wconf 74' lang='lat' dir='ltr'>dedicisse</span> <span class='ocrx_word' id='word_1_193' title='bbox 971 4754 1094 4843; x_wconf 77' lang='lat' dir='ltr'>officio,</span> <span class='ocrx_word' id='word_1_194' title='bbox 1146 4758 1290 4830; x_wconf 79' lang='lat' dir='ltr'>tudinem</span> <span class='ocrx_word' id='word_1_195' title='bbox 1330 4751 1470 4825; x_wconf 72' lang='lat' dir='ltr'>sullus·</span> <span class='ocrx_word' id='word_1_196' title='bbox 1493 4798 1508 4839; x_wconf 86' lang='lat'><strong>,</strong></span> <span class='ocrx_word' id='word_1_197' title='bbox 1535 4747 1659 4829; x_wconf 71' lang='lat' dir='ltr'>eissille</span> 
     </span>
     <span class='ocr_line' id='line_1_30' title="bbox 592 4838 1461 4936; baseline 0.018 -27"><span class='ocrx_word' id='word_1_198' title='bbox 592 4838 1093 4936; x_wconf 83' lang='lat' dir='ltr'>ctslii‚aqulbusubcrtimede</span> <span class='ocrx_word' id='word_1_199' title='bbox 1144 4875 1201 4928; x_wconf 77' lang='lat' dir='ltr'>eru</span> <span class='ocrx_word' id='word_1_200' title='bbox 1214 4850 1420 4928; x_wconf 58' lang='lat' dir='ltr'>ditissime·</span> <span class='ocrx_word' id='word_1_201' title='bbox 1457 4861 1461 4868; x_wconf 88' lang='lat'>&#39;</span> 
     </span>
     <span class='ocr_line' id='line_1_31' title="bbox 588 4937 1093 5039; baseline 0.03 -31"><span class='ocrx_word' id='word_1_202' title='bbox 588 4937 657 5009; x_wconf 86' lang='lat' dir='ltr'>lsoc</span> <span class='ocrx_word' id='word_1_203' title='bbox 673 4960 874 5039; x_wconf 71' lang='lat' dir='ltr'>argumento</span> <span class='ocrx_word' id='word_1_204' title='bbox 888 4961 1001 5019; x_wconf 77' lang='lat' dir='ltr'>acuum</span> <span class='ocrx_word' id='word_1_205' title='bbox 1015 4966 1093 5024; x_wconf 83' lang='grc' dir='ltr'><strong>εει.</strong></span> 
     </span>
    </p>
   </div>
   <div class='ocr_carea' id='block_1_5' title="bbox 0 0 2152 6116">
    <p class='ocr_par' dir='ltr' id='par_1_5' title="bbox 0 0 2152 6116">
     <span class='ocr_line' id='line_1_32' title="bbox 0 0 2152 6116; baseline 0 0"><span class='ocrx_word' id='word_1_206' title='bbox 0 0 2152 6116; x_wconf 95' lang='lat' dir='ltr'> </span> 
     </span>
    </p>
   </div>
  </div>
 </body>
</html>
